2934 4882
255 474 296 538 78
345 472 361 538 ξ
383 471 424 526 17.
453 470 591 538 Quomodo
611 469 733 525 accidere
752 467 882 537 potuerit,
902 475 935 523 nt
952 473 1048 523 nostra
1066 467 1172 537 sylloge
1190 474 1245 529 etc.

256 650 322 715 ueri
353 647 548 714 simillimum
581 649 628 713 fit.
676 650 736 729 Qui
764 668 835 714 cum
858 647 1013 730 hospitem
1037 647 1190 730 quendam
1214 648 1254 713 nd
1277 649 1332 714 hi-

255 754 390 821 heudnm
423 755 547 830 invitat,
580 756 688 819 uiuum
719 753 800 838 quod
824 755 852 818 ei
874 753 1005 838 praehet
1027 751 1172 836 Spartani
1194 753 1332 822 cultoris

255 881 323 927 esse
345 862 513 945 praedicat.
560 861 641 940 Quid
664 861 763 944 igitur
787 859 978 926 statuimus?
1024 859 1137 924 Utrum
1161 859 1270 925 vinnm
1286 861 1329 926 ab

253 968 310 1034 illo
342 971 504 1052 acceperat
536 969 669 1042 tautum,
702 987 742 1032 an
766 968 873 1032 vineta
896 965 976 1030 nude
999 968 1195 1048 procreatum
1221 969 1271 1031 est
1294 969 1329 1032 in

255 1075 320 1139 eins
357 1073 580 1157 possessiouem
617 1074 777 1147 venerant,
816 1072 863 1136 ita
896 1074 932 1135 nt
967 1069 1097 1154 Spartae
1132 1070 1329 1139 domicilium

255 1181 399 1245 habuerit
421 1178 487 1262 ipse
511 1180 545 1243 et
568 1177 738 1261 Spartanus
762 1177 876 1242 fueriti
922 1178 1031 1242 Nonne
1048 1177 1235 1260 Spartanum
1258 1184 1329 1245 tam

255 1287 397 1351 accurate
427 1284 587 1367 regionem
618 1283 699 1348 uude
728 1284 837 1347 viuum
868 1282 906 1348 ad
937 1301 970 1347 se
992 1283 1185 1367 pervenisset
1208 1285 1329 1368 hospiti

256 1390 466 1473 designavisse
478 1391 582 1454 miuus
598 1387 747 1454 credibile
759 1389 817 1453 fit?
849 1386 1098 1453 Consentaneum
1110 1392 1186 1468 erat,
1203 1391 1327 1472 opinor,

256 1496 402 1581 Spartani
431 1497 566 1562 hominis
596 1497 703 1560 viuum
727 1496 784 1560 suh
807 1495 948 1578 Taygeto
973 1495 1053 1559 vites
1076 1492 1195 1559 tulisse.
1243 1495 1329 1574 Quin

257 1604 367 1668 deiude
391 1603 524 1668 alterum
542 1601 728 1685 Spartanum
752 1602 927 1666 accuratius
944 1600 1130 1686 designat,¹)
1152 1603 1206 1685 qni
1222 1602 1330 1669 cultor

257 1709 412 1793 qnondam
428 1708 524 1773 fuerit
539 1709 607 1772 eius
624 1707 753 1773 vineae?
785 1705 864 1785 Quid
880 1706 956 1770 haec
972 1705 1011 1771 ad
1022 1706 1176 1789 hospitem
1187 1711 1330 1774 attinent

256 1816 306 1878 cui
327 1814 405 1877 illud
429 1815 534 1878 viuum
558 1814 814 1879 commendatur?
853 1812 952 1877 Plana
975 1813 1053 1878 haec
1070 1814 1174 1878 omnin
1189 1818 1273 1892 suut,
1299 1817 1330 1880 si

257 1920 402 2003 Spartani
425 1919 511 1983 illius
534 1920 670 1983 hominis
694 1922 855 1983 externum
878 1919 1033 2001 hospitem
1048 1918 1256 2002 intelligimus
1272 1924 1331 2005 qui

258 2027 335 2090 haec
369 2025 585 2089 enuntiaverit.
633 2024 698 2090 Nos
727 2025 825 2107 igitur
857 2026 1074 2106 Megarensem
1105 2025 1328 2109 intelligimus.

258 2134 360 2215 Atque
376 2132 606 2213 Megarensium
625 2131 744 2197 nobiles
760 2132 897 2214 hospitio
913 2151 982 2195 cum
1000 2130 1159 2215 Spartanis
1175 2137 1329 2197 coniunc-

258 2241 306 2304 tos
341 2238 438 2303 fuisse
472 2257 508 2302 ex
543 2239 683 2303 versibus
708 2240 861 2307 783-88
896 2237 1038 2319 intellegi
1068 2237 1151 2315 licet,
1186 2237 1239 2301 uhi
1272 2239 1330 2321 qui

257 2346 393 2428 loquitur
428 2365 461 2409 se
494 2346 636 2428 Spartam
672 2345 793 2428 quando
828 2344 941 2409 adiisse
975 2344 1079 2426 ibique
1109 2342 1330 2408 benevolenter

258 2456 421 2535 exceptum
453 2471 519 2516 esse
548 2449 666 2532 dicite)
712 2451 821 2534 Neque
844 2451 1019 2515 inauditum
1042 2451 1091 2514 est
1113 2450 1219 2514 sinum
1242 2452 1331 2515 inter

258 2558 425 2643 hospitalia
457 2558 536 2622 dona
560 2558 664 2622 luisse.
712 2558 806 2621 Velut
831 2556 935 2622 Ulixes
959 2576 977 2621 a
1000 2556 1138 2632 Marone,
1169 2555 1329 2640 Apollinis

258 2664 427 2740 sacerdote,
451 2684 521 2728 cnm
544 2664 615 2728 allis
639 2665 726 2729 donis
747 2668 813 2728 tum
830 2664 900 2728 uiuo
916 2662 1042 2746 repletis
1059 2661 1217 2727 duodecim
1234 2662 1329 2726 testis

259 2770 390 2833 donatur
402 2769 471 2850 (od.
485 2769 530 2832 IX
542 2771 721 2853 201-05),
734 2771 786 2851 qui
799 2771 895 2833 etiam
908 2771 1015 2831 ‘cison’
1029 2771 1061 2832 et
1073 2760 1166 2831 ‘oleon
1176 2764 1328 2851 ipvdpov’

260 2876 383 2955 praeter
391 2873 454 2937 alia
463 2873 542 2938 doun
550 2875 673 2957 accipit,
681 2875 979 2939 cumaPhaeacibus
988 2872 1329 2959 dimittitur(0d.XllI

260 2982 326 3065 69).
364 2979 507 3064 Suspicor
530 2982 636 3046 vinum
659 2983 755 3047 etiam
779 2982 867 3046 illum
892 2983 1008 3066 hospiti
1032 2981 1199 3055 donavisse,
1224 2981 1278 3062 qni
1294 2981 1331 3044 in

259 3089 504 3156 coenassent
515 3094 523 3155 l
534 3108 601 3172 sqq.
616 3088 799 3154 Clearistum
808 3088 987 3171 alloquitur,
998 3106 1111 3152 cumae
1117 3085 1330 3170 proficiscenti

352 3282 374 3349 ¹)
392 3282 557 3336 Accnratius
583 3298 644 3337 enm
670 3283 799 3351 designat
824 3297 885 3335 cnm
912 3281 980 3336 dicit
998 3279 1013 3332 ὁ
1031 3285 1120 3352 γέρων
1139 3278 1231 3330 daona
1250 3275 1331 3347 plica

261 3366 390 3434 θεότιμος
403 3369 431 3418 ἐκ
446 3366 710 3425 Πλατανιστοῦντα.
739 3373 807 3425 Post
820 3368 908 3424 Hiar.
922 3369 993 3425 enlm
1011 3369 1160 3438 distinguo,
1173 3365 1330 3435 Bergklum

260 3455 382 3524 aliosque
395 3456 515 3512 editores
527 3475 581 3512 nou
593 3475 716 3527 sequeus,
733 3459 780 3527 qui
793 3458 964 3528 coniungunt
976 3459 1005 3508 ἐκ
1018 3456 1106 3508 Illos.
1120 3451 1193 3525 ὕδωρ
1204 3451 1331 3522 ἐπάγων,

261 3548 292 3597 nt
310 3543 395 3608 rivus,
414 3543 460 3610 qni
478 3544 521 3599 ita
539 3554 653 3600 vocatus
671 3547 717 3609 sit,
736 3547 925 3615 intellegatur.
957 3545 1033 3612 Quod
1049 3543 1154 3611 aliquid
1167 3541 1231 3596 miri
1243 3543 1332 3598 hahet

261 3645 320 3684 mea
345 3632 491 3687 sententia.
533 3634 634 3688 Locum
660 3635 752 3702 potius
777 3635 951 3703 designatum
977 3650 1035 3689 esse
1060 3631 1230 3695 crediderim,
1256 3633 1332 3688 unde

261 3717 420 3772 Theotimus
443 3718 536 3781 fuerit.
562 3729 594 3776 nt
618 3722 783 3777 Graecorum
809 3739 910 3777 morem
936 3720 1063 3790 loquendi
1080 3721 1158 3775 illnm
1177 3719 1332 3775 imitemur.

260 3805 420 3861 Addiderim
446 3807 516 3874 qnod
540 3806 732 3863 Πλατανιστᾶς
757 3810 887 3877 Spartani
913 3809 1029 3864 alicuius
1056 3808 1109 3864 loci
1133 3824 1233 3865 nomen
1258 3817 1332 3878 erat,

260 3894 338 3949 cuins
356 3896 507 3951 Pausanias
526 3900 551 3965 3,
571 3900 639 3966 11,2
659 3904 688 3953 at
707 3898 776 3964 14,8
796 3897 926 3953 meminit.

351 3983 374 4052 ⁹)
391 3985 532 4053 Respicias
557 3986 601 4041 hic
619 4002 726 4055 qnoque
745 3987 815 4054 quod
834 3987 912 4042 modo
932 3985 1107 4048 attendimus,
1134 3983 1251 4051 Τγηιιθί
1269 4000 1334 4039 car·

261 4071 334 4126 mina
345 4089 400 4126 uon
412 4072 511 4142 ignota
523 4075 606 4130 fnisse
619 4075 722 4131 nostris
731 4075 879 4143 potoribus.
898 4076 1023 4130 Produnt
1035 4073 1120 4129 etiam
1130 4089 1173 4128 vv.
1186 4073 1335 4130 1087-90

262 4161 470 4217 Lacedaemonis
488 4163 625 4218 notitiam.
