2934 4882
271 485 286 551 ξ
306 483 347 538 17.
376 482 515 551 Quomodo
535 481 658 537 accidere
676 481 808 549 potuerit,
827 486 860 535 ut
877 486 973 536 nostra
992 480 1098 550 sylloge
1117 486 1169 542 ote.
1217 483 1261 547 71'

191 680 297 727 vereor
329 680 368 725 ne
402 661 472 745 plus
506 679 602 743 quam
636 660 712 724 insit
746 677 782 724 ex
813 659 865 722 his
893 657 1046 736 eliciatur,
1083 659 1185 723 minus
1216 658 1261 722 ihi

191 768 366 833 assentiens
395 766 640 832 Reitzensteinio
674 765 754 848 quod
786 765 862 830 dicit
896 765 952 847 llp.
980 785 1009 829 u.
1035 763 1119 832 Skol.
1144 784 1173 847 p.
1199 767 1259 830 54:

175 874 260 938 “Die
291 872 537 956 Zwischenfrage
571 873 614 938 ist
649 871 777 948 sinnlos,
813 890 902 936 wenn
934 871 1026 937 Plato
1060 871 1148 936 nicht
1181 871 1258 935 anch

190 979 303 1043 andere
327 978 477 1046 Gedichto
508 980 554 1046 als
585 981 658 1052 “die
690 979 888 1061 elegischen’'
912 977 1049 1043 kennt’.·
1075 977 1144 1042 Hoc
1167 975 1259 1052 enim,

191 1085 270 1149 nihil
292 1085 426 1168 amplius
448 1107 520 1153 mea
542 1087 698 1152 sententia
721 1106 739 1148 a
762 1086 894 1150 Menona
918 1084 1094 1178 quaeriturr

282 1191 450 1270 ‘Quaenam
474 1198 547 1259 sunt
570 1213 607 1258 ea
631 1193 725 1268 dicta,
748 1191 803 1255 ubi
825 1190 902 1254 illud
926 1191 1103 1255 enuntiatt’

191 1295 251 1360 Cui·
266 1296 408 1363 Socrates
431 1301 477 1365 ita
500 1299 673 1383 respondet,
697 1300 733 1361 ut
756 1317 792 1361 ea
817 1295 900 1360 dicta
923 1297 988 1360 iam
1010 1295 1159 1379 proferat,
1183 1314 1260 1378 quae

189 1421 271 1467 nunc
301 1399 443 1485 ‘dicyeto'
477 1403 685 1487 appellantur.
732 1402 882 1466 Poterant
912 1402 1017 1465 autem
1049 1401 1145 1465 etiam
1176 1397 1260 1485 ‘terp’

189 1508 356 1591 appellari3
382 1508 420 1574 cf.
438 1509 578 1591 Theogn.
595 1511 656 1576 22:
683 1505 848 1588 θεόγνιδός
871 1502 956 1568 ἐστιν
975 1503 1049 1592 ἔπη.
1082 1505 1144 1571 Sed
1160 1506 1260 1583 dicere

189 1614 341 1689 volebam,
373 1633 428 1678 cur
458 1613 555 1677 etiam
586 1612 676 1677 Plato
707 1630 768 1675 non
800 1612 869 1694 ipsa
901 1611 1092 1693 Theognidis
1124 1613 1261 1676 earmina

189 1739 354 1802 usurpasse
385 1718 479 1784 alicui
513 1719 665 1787 videatur.
713 1716 818 1783 Sensit
845 1718 987 1782 Menonis
1015 1717 1037 1782 l.
1061 1715 1082 1780 l.
1108 1735 1179 1780 eum
1201 1715 1261 1780 sibi

190 1826 369 1891 oblocutum
393 1844 470 1900 esse,
494 1825 587 1908 idque
607 1819 725 1906 ‘tityon
740 1821 936 1906 perossdrro'
952 1824 983 1890 h.
1001 1843 1028 1890 e.
1045 1823 1185 1887 versibus
1200 1841 1261 1887 non

189 1931 325 1996 multum
356 1932 555 1997 distantibus.
603 1930 691 2009 Quod
722 1949 793 1994 vero
821 1930 990 2024 transitum
1013 1949 1031 1994 a
1053 1949 1103 1994 vv.
1128 1930 1260 1997 33-36

191 2038 229 2102 ad
259 2058 309 2103 vv.
333 2040 488 2107 435-38
519 2043 645 2102 nostrae
676 2056 700 2104 s.
734 2036 781 2101 ita
813 2036 966 2119 designat,
998 2036 1136 2128 suspicor
1165 2036 1198 2099 in
1225 2054 1261 2101 eo
1391 2125 1394 2131 1

191 2143 270 2208 libro
294 2164 384 2226 quem
407 2144 543 2227 respexit
566 2162 712 2208 versuum
736 2145 867 2212 31-36
892 2144 924 2207 et
947 2144 1101 2211 429—38
1125 2141 1259 2225 eclogae,

190 2251 223 2313 in
254 2250 363 2333 quibus
394 2250 510 2333 eclogis
542 2249 590 2314 illi
612 2250 822 2326 inveniuntur,
853 2267 889 2314 ex
911 2241 1118 2331 responsionis
1141 2250 1261 2314 ratione

191 2374 224 2419 se
256 2354 419 2440 excepisse,
450 2374 519 2419 cum
544 2356 642 2419 etiam
665 2354 697 2418 in
722 2356 828 2420 nostra
851 2374 876 2419 s.
900 2355 1054 2419 contrarie
1078 2354 1160 2418 diota
1183 2373 1261 2419 non-

32 2487 37 2494 ·
96 2545 99 2548 ⁴
190 2480 349 2543 nunquam
380 2462 565 2527 curatione
597 2480 630 2525 se
660 2462 825 2543 excipiant,
858 2458 1262 2526 velutduodistichailla

191 2585 269 2649 quac
301 2566 372 2630 lnde
404 2586 474 2635 av.
501 2570 587 2636 1153
611 2567 768 2651 leguntur.
817 2566 857 2632 Ut
888 2577 993 2633 autem
1023 2567 1092 2631 fieri
1121 2565 1260 2658 potuisse

190 2672 366 2749 concedam,
391 2675 427 2737 ut
449 2675 488 2738 ah
512 2674 620 2739 eodem
641 2677 734 2758 poeta
757 2674 921 2739 ederentur
943 2692 1021 2757 quae
1040 2675 1123 2738 inter
1138 2691 1171 2738 se
1187 2691 1260 2738 con·

190 2778 301 2843 sociari
331 2779 382 2843 vix
413 2783 553 2864 possunt,
576 2819 621 2827 -—
644 2799 737 2863 aegre
769 2783 874 2846 autem
902 2780 978 2845 illud
1002 2778 1193 2845 concesseris
1217 2812 1261 2825 .-

190 2885 222 2949 in
244 2886 392 2967 proximis
415 2887 491 2950 haee
516 2887 605 2969 quasi
630 2885 758 2951 consilio
783 2886 812 2950 ei
836 2886 985 2953 collocata
1009 2905 1077 2952 esse
1100 2884 1180 2950 mihi
1196 2886 1261 2951 iarn

189 2991 369 3056 incredibile
398 2992 444 3069 fit,
480 2993 533 3057 sed
563 2994 591 3058 si
621 2993 699 3057 illud
729 2994 775 3057 ita
808 2994 927 3071 evenit,
963 2992 1070 3056 ludum
1102 2992 1206 3075 potins
1229 2994 1261 3056 ot

190 3116 309 3162 morem
332 3095 525 3162 convivalem
548 3096 581 3160 in
606 3116 642 3162 eo
666 3098 856 3180 agnoverim.
903 3098 1011 3180 ltaque
1034 3115 1073 3159 ne
1096 3095 1261 3161 Platonem

191 3202 315 3284 quidem
338 3203 475 3282 genuina
498 3203 637 3267 carmina
660 3205 741 3268 sicut
756 3204 816 3286 ipsi
832 3203 941 3286 poetae
956 3202 1128 3285 perscripta
1143 3201 1261 3266 luerint

188 3306 305 3390 legisse
328 3307 513 3374 existimem.

280 3415 423 3480 Vidimus
445 3415 554 3498 igitur,
584 3416 615 3481 id
639 3417 720 3500 quod
745 3416 858 3480 vidisse
882 3417 977 3504 etiam
1000 3416 1033 3478 iu
1056 3413 1260 3498 ponderandis

190 3522 329 3586 versibus
358 3526 490 3590 11—14
520 3541 580 3588 non
614 3522 728 3586 nullius
760 3522 911 3588 momenti
944 3522 1014 3599 erit,
1045 3523 1260 3604 pervetustum

190 3626 286 3691 luisse
318 3646 455 3693 errorem
481 3627 570 3692 illum
595 3648 655 3712 quo
679 3628 889 3694 convivalium
912 3629 1085 3693 carminum
1108 3628 1260 3712 posterior

190 3733 342 3816 quaedam
365 3734 508 3799 collectio
532 3734 570 3798 ad
593 3735 698 3818 ipsum
712 3734 925 3817 Theognidem
949 3735 1048 3799 relata
1068 3735 1126 3799 est.
1160 3727 1260 3812 Quem

190 3855 323 3905 errorem
347 3843 471 3924 potores
493 3840 568 3917 iam,
592 3841 629 3904 ut
648 3841 694 3904 ita
711 3840 823 3918 dicam,
844 3839 1052 3909 excoluerunt.
1085 3840 1172 3904 Unde
1188 3858 1259 3904 con-

190 3946 330 4028 sequitur
353 3945 494 4011 Platonis
525 3945 562 4011 de
587 3946 777 4029 Theognidis
808 3948 910 4029 patria
937 3947 1099 4024 iudicium,
1132 3945 1260 4030 Didymi

147 4107 150 4112 .
189 4052 432 4117 contradictione
455 4052 539 4118 nullo
563 4052 654 4118 modo
671 4053 828 4137 intercipi.
858 4053 946 4132 Quod
961 4053 1111 4118 iudicium
1124 4054 1259 4118 maxime

189 4155 286 4220 etiam
324 4157 535 4237 confirmatur,
575 4159 648 4224 dum
683 4177 720 4224 ea
754 4158 844 4225 modo
879 4160 1011 4243 aspicias
1049 4177 1128 4242 quae
1163 4158 1258 4242 cymi
