2934 4882
456 441 516 510 §d
544 438 686 495 Stasiotici
705 444 734 493 et
753 438 877 493 sodalicii
897 453 998 494 versus.
1225 442 1266 505 13

286 629 389 683 ταῦτα
423 598 542 699 μαθιὺν
573 613 749 702 ἀγαθοῖσιν
780 613 888 697 dputes
919 619 974 679 καί
1009 638 1090 680 ποτε
1119 613 1231 701 φήσεις
1260 615 1264 702 i

285 716 322 791 εὖ
346 721 568 808 συμβουλεύειν
591 734 675 788 τοῖσι
698 723 840 808 φίλοισιν
863 719 920 804 ἒμί
942 725 974 788 in
997 743 1047 789 vv.
1072 724 1213 795 31—38‚

287 832 325 896 σύ
352 831 388 896 δέ
415 854 480 914 μοι,
514 831 601 916 φίλε,
634 825 721 894 ταῦτ’
756 826 801 894 ἐνὶ
825 829 924 914 θνμῴ
945 828 949 912 Ι
969 827 1090 915 φράζεο
1113 831 1168 891 καί
1191 824 1264 892 ποτ’

287 934 364 1019 ἐμοῦ
386 936 521 1021 μνήσεαι
544 933 685 1015 ἐξοπίσω
709 937 742 1001 in
765 957 814 1002 vv.
833 936 1077 1020 97-100(11ἰεί
1093 934 1173 1001 forte
1196 955 1267 1000 cum

287 1044 481 1111 antecedenti
504 1044 609 1127 ecloga
633 1042 682 1108 illi
705 1045 911 1127 coniungendi
934 1047 1028 1126 sunt),

287 1147 350 1215 αιέὶ
373 1144 465 1214 τῶνδ’
482 1146 586 1213 ἐπέων
605 1153 799 1235 μεμνημένος
811 1173 818 1188 ·
832 1148 863 1226 ἐς
882 1148 917 1214 δὲ
937 1147 1081 1236 τελευτήν
1102 1148 1106 1237 1
1128 1147 1268 1235 αἰνήσεις

284 1255 386 1340 μίθιμ
410 1252 550 1339 σώφρονι
572 1238 769 1335 πειθόμενος
792 1255 825 1319 in
848 1275 898 1320 vv.
923 1257 1087 1334 rot-56,
1113 1261 1116 1266 ’

287 1362 337 1426 σοὶ
361 1355 388 1424 d'
412 1359 474 1445 ἐγὼ
498 1356 551 1424 οἶοί
576 1384 610 1424 νε
634 1359 730 1424 παιδὶ
763 1359 874 1446 πατὴρ
896 1353 1110 1447 ὑποθήσομαι
1142 1356 1236 1438 αὖτίς
1261 1364 1265 1452 l

285 1464 422 1532 ἐσθλά·
447 1465 485 1530 οὐ
516 1460 544 1529 d'
569 1461 601 1529 ἓν
631 1470 731 1550 θομφ
754 1466 815 1529 ,καὶ
848 1466 940 1550 φρεσὶ
972 1466 1075 1529 ταῦτα
1103 1465 1202 1550 βάλεν
1234 1468 1267 1531 iu

286 1595 336 1643 vv.
363 1576 547 1642 1049—54.

288 1682 379 1746 Hanc
401 1680 502 1764 igitur
524 1680 676 1745 rationem
693 1680 860 1762 sequimur,
884 1683 920 1744 ut
935 1681 967 1744 in
983 1680 1161 1744 universum
1176 1697 1266 1761 prae·

198 1788 335 1872 captivos
367 1806 472 1852 versus
505 1786 542 1851 ad
576 1785 767 1851 convivalem
799 1786 917 1870 poesim
946 1804 1135 1860 revocemus,
1168 1803 1266 1868 neque

197 1894 369 1961 recedimus
392 1894 431 1958 ab
454 1893 516 1958 ista
539 1894 668 1968 ratione,
694 1893 754 1957 etsi
777 1892 808 1957 in
832 1892 871 1957 iis
894 1911 991 1958 novae
1015 1892 1172 1957 interdum
1198 1909 1266 1955 sen·

196 2001 314 2066 tentiae
349 2019 382 2064 se
415 2001 547 2065 offerunt
578 1999 689 2082 quibus
714 1998 807 2082 Cyrni
830 1999 995 2082 sphragide
1019 1999 1166 2082 insigniti
1188 1997 1267 2063 nulli

197 2107 393 2190 respondent.
441 2108 491 2171 An
515 2125 574 2171 non
597 2106 731 2170 maxime
755 2107 891 2190 suspecti
913 2107 936 2170 ii
960 2124 1081 2190 quoque
1105 2106 1186 2180 sunt,
1212 2104 1266 2187 qui

196 2212 392 2279 convivalem
408 2230 498 2276 usum
510 2210 685 2287 habuerint,
703 2211 813 2292 quibus
830 2211 925 2275 bonos
941 2229 1043 2275 mores
1055 2207 1265 2275 convivalibus

199 2321 231 2381 et
247 2317 404 2381 modicam
420 2315 546 2380 bibendi
562 2316 715 2379 rationem
732 2317 822 2397 poeta
839 2317 1033 2380 commendat
1048 2334 1265 2398 nonnunquam

197 2425 248 2501 (ut
272 2442 319 2487 vv.
336 2421 506 2501 ‹ror-96)
542 2423 574 2484 et
609 2439 642 2484 se
676 2420 778 2502 ipsum
814 2421 948 2486 convivii
982 2422 1166 2504 participem
1199 2440 1266 2485 esse

198 2528 364 2594 ostendens
388 2528 421 2591 et
444 2525 588 2591 convivas
604 2523 785 2608 alloquens?
827 2526 913 2604 Quae
934 2525 1106 2590 convivalia
1129 2529 1265 2593 carmina

196 2635 293 2699 fuisse
316 2635 460 2717 apertum
484 2633 541 2706 est,
566 2632 709 2714 quamvis
726 2631 821 2715 Cyrni
843 2633 966 2697 nomine
989 2632 1105 2697 notatis
1125 2634 1265 2698 versibus

195 2743 393 2825 praeceptum
418 2737 481 2804 tale
504 2757 565 2802 non
589 2737 687 2803 detur.
755 2741 757 2744 ’

288 2847 461 2911 Occurrunt
485 2846 581 2909 etiam
604 2846 636 2909 in
661 2846 709 2909 his
733 2846 789 2928 qui
813 2845 948 2928 speciem
972 2847 1140 2929 praebeant
1163 2847 1265 2911 brevis

196 2953 378 3017 sententiae.
427 2950 541 3029 Quales
564 2951 621 3016 hos
644 2951 858 3016 observamus:

196 3061 366 3126 211-12:
395 3049 486 3119 Οἶνὸν
508 3078 559 3118 τοι
582 3059 686 3120 πίνειν
710 3057 831 3121 ποολύν
854 3055 968 3121 κακόν·
992 3053 1028 3144 ἢν
1052 3057 1087 3121 de‘
1102 3080 1151 3133 τις
1168 3052 1264 3121 αὐτόν

431 3166 508 3246 πίνῃ
530 3157 760 3244 ἐπισταμένως,
785 3158 822 3226 οὐ
848 3159 954 3238 κακός,
978 3156 1045 3224 ἀλλ’
1072 3156 1208 3244 ἀγαθός.

195 3272 365 3337 eet-98:
385 3265 541 3352 ’Ἀφρονος
557 3263 669 3352 ἀνδρὸς
685 3265 771 3351 ὁμιῦς
786 3269 841 3331 καὶ
853 3263 1015 3352 σώφρονος
1027 3259 1119 3342 οἶνος,
1137 3262 1214 3331 ὅταν
1226 3265 1264 3352 δή

431 3378 510 3459 πίνῃ
533 3372 614 3460 ὑπὲρ
636 3381 759 3461 μέτρον,
784 3382 904 3460 κοῦφον
927 3372 1026 3460 ἔθηκε
1048 3371 1128 3438 νόον.

196 3483 366 3551 627—282
383 3478 523 3565 Αἰσχρόν
539 3503 588 3544 τοι
603 3481 769 3561 μεθύοντα
785 3477 863 3567 παρ’
873 3477 1007 3565 ἀνδράσι
1018 3479 1136 3566 νήφοσι
1146 3491 1276 3562 μεῖναι,1

433 3585 562 3671 αἰσχρὸν
584 3583 612 3650 d’
635 3586 663 3651 εί
687 3586 794 3673 νήφων
816 3610 884 3672 παρ
907 3585 1068 3669 μεθύουσι
1090 3592 1189 3669 μένοι.

339 3872 360 3957 ξ
384 3873 422 3939 ll.
458 3871 663 3940 Stasiotici
688 3877 729 3940 et
751 3870 937 3940 sodalicii
961 3890 1117 3938 versus.

284 4014 317 4081 Si
349 4015 538 4098 praeceptivi
569 4018 693 4080 nostrae
717 4011 854 4097 sylloges
878 4032 985 4078 versus
1008 4013 1047 4078 ad
1072 4032 1144 4078 eum
1167 4013 1261 4077 finem

195 4120 271 4186 editi
303 4124 385 4208 suut,
415 4123 451 4185 ut
482 4141 500 4186 a
530 4123 689 4204 potoribus
720 4123 752 4186 iu
785 4121 925 4209 convivio
958 4119 1151 4202 audirentur,
1182 4121 1261 4185 istos
