2934 4882
196 495 236 557 12
286 492 317 559 ,ἕ
337 491 360 546 3.
388 489 562 558 Praeceptivi
579 505 675 546 versus
694 489 826 557 aquibus
845 488 928 558 Cyrni
946 503 1044 544 noman
1065 489 1152 544 abest.

282 665 323 733 dv
337 669 391 733 καὶ
407 667 490 752 πρὸς
505 666 627 744 ναύτας
642 665 828 732 dinoscerer.
861 662 948 753 ἥδιον
963 666 1024 751 γὰρ
1041 664 1081 731 dv
1094 666 1271 752 κωμῳδίας

282 780 336 861 τῆς
367 773 571 860 φαολονάννγς
602 769 620 860 ἢ
650 777 713 837 τῶν
747 771 831 837 οὕτω
861 781 1011 854 τεχνικῶς
1037 779 1271 861 πεποιημένων

283 876 461 946 ἀκούσαιεν.

194 987 231 1051 de
255 988 485 1055 convivalium
509 988 563 1072 qui
576 988 722 1054 Isocratis
746 987 937 1070 temporibus
961 985 1056 1051 fuerit
1079 986 1157 1051 mibi
1181 988 1271 1052 acci-

193 1092 330 1177 piuntur.
377 1090 508 1159 Accedit
539 1092 617 1176 quod
650 1091 835 1168 comoedias,
868 1110 942 1174 quas
974 1091 1053 1173 quod
1084 1089 1272 1174 praeferant-

193 1201 252 1265 boc
275 1201 342 1266 loco
367 1201 396 1266 ei
419 1202 641 1286 exprobrantur
663 1200 715 1282 qui
738 1199 925 1282 optimorum
946 1200 1107 1280 poetarum
1123 1199 1268 1264 carmina

195 1309 288 1390 atque
323 1305 420 1371 etiam
455 1306 526 1369 inde
555 1296 676 1388 ¹petitos
710 1300 839 1386 γνώμας
872 1303 936 1368 iarn
969 1303 1141 1380 fastidiant,
1177 1303 1269 1387 ipsas

194 1429 311 1494 quoque
342 1412 373 1475 in
405 1411 555 1476 conviviis
588 1411 710 1476 auditas
741 1430 808 1476 esse
841 1430 877 1474 ex
907 1410 946 1475 iis
975 1431 1053 1494 quae
1077 1411 1271 1476 Plutarchus-

195 1518 319 1596 Quaest.
338 1515 591 1595 Conv.V118,3
616 1518 740 1601 exponit
765 1517 963 1583 manifestum
989 1520 1046 1583 est.

284 1624 428 1688 Ceterum
452 1623 525 1687 dum
542 1625 618 1689 haec
634 1625 779 1689 Isocratis
795 1623 878 1690 diota
894 1626 1025 1702 intucor,
1049 1625 1138 1690 valde
1155 1625 1270 1691 dubito

195 1748 287 1812 quam
310 1731 394 1793 recte
417 1728 494 1793 illud
518 1729 638 1795 sincera
661 1733 767 1795 mente
788 1732 876 1796 nobis
893 1734 1035 1797 teneatur
1051 1731 1130 1816 quod
1146 1732 1268 1815 posteri·

196 1839 233 1899 ut
258 1834 401 1899 Clemens
424 1834 651 1900 Alexandrinus
683 1835 737 1913 (ef.
762 1840 794 1902 et
818 1837 944 1904 Suidam
969 1858 992 1903 s.
1010 1859 1039 1903 v.
1059 1843 1196 1921 θέογνις)
1225 1839 1270 1903 de

198 1941 388 2025 Theognidis
419 1942 505 2023 poesi
538 1943 684 2026 produnt,
721 1944 833 2026 quibus
868 1945 921 2009 ille
958 1945 1191 2029 (γνωμολογίαν
1223 1945 1268 2010 ad*

196 2049 330 2132 Cyrnum
354 2048 514 2131 scripsisse
538 2047 659 2114 dicitur.
700 2050 807 2129 Quid?
840 2051 955 2117 ‘Nonne
981 2051 1118 2116 videmus
1138 2048 1272 2134 γνώμης

194 2155 322 2220 minime
356 2154 473 2220 similes
509 2173 576 2220 esse
611 2159 892 2236 versus19—26,
926 2161 1078 2236 43-52,
1111 2160 1270 2234 53-60,

198 2264 362 2339 rsa-92,
376 2264 540 2339 237-54,
554 2263 719 2339 323-aa
736 2264 900 2339 337-40,
919 2267 1080 2339 osa—54,
1098 2266 1269 2342 805—10,

198 2370 363 2446 sss-36,
388 2369 441 2452 qui
464 2371 567 2434 lamen
593 2367 729 2452 Cyrnum
754 2368 933 2452 appellant?
980 2369 1014 2433 ld
1038 2370 1162 2433 demum
1185 2369 1268 2433 mibi

194 2478 324 2554 constat,
350 2477 480 2558 γνώμας
503 2494 539 2540 ex
562 2495 620 2540 usu
642 2475 796 2540 convivali
819 2474 916 2539 fuisse
939 2494 999 2540 non
1017 2478 1162 2558 antiquae
1179 2473 1271 2540 illius-

195 2581 320 2665 quidem
345 2581 397 2646 sed
423 2582 603 2646 recentioris
631 2583 756 2647 aetatis.
803 2583 941 2647 Posteris
966 2583 1048 2646 enim
1072 2582 1272 2664 temporibus

198 2687 397 2768 Theognidea
429 2689 593 2769 praecepta
623 2688 655 2751 in
683 2687 855 2752 breviorem
879 2686 1011 2753 formam
1034 2687 1160 2752 redacta
1184 2706 1271 2765 esse,

195 2795 230 2857 ut
245 2794 315 2857 usui
336 2792 490 2857 convivali
506 2794 558 2875 qui
578 2795 652 2857 tunc
668 2793 764 2857 fuerit
780 2795 915 2876 aptiores
931 2796 1045 2872 essent,
1066 2814 1102 2858 ex
1118 2794 1272 2858 lsooratis

194 2897 248 2963 illo
281 2895 348 2963 loeo
381 2897 490 2981 colligi
521 2917 611 2982 posse
635 2900 819 2964 existimem.
868 2899 927 2965 Sed
951 2902 1028 2965 haec
1050 2902 1201 2965 hactenus
1225 2900 1271 2964 dc·

194 3005 339 3086 gnomica
369 3006 466 3088 poesi,
499 3024 591 3088 quam
623 3026 704 3070 nunc
735 3026 796 3071 non
826 3006 1008 3090 respicimus
1032 3007 1092 3071 nisi
1115 3025 1272 3090 praecep-

196 3112 261 3175 tiva
284 3113 347 3176 est!

274 3305 295 3390 ξ
320 3307 356 3373 3.
390 3307 645 3390 Praeceptivi
668 3327 814 3375 versus
838 3328 863 3374 a
888 3307 1033 3390 quibus
1058 3305 1184 3390 Cyrni

580 3432 729 3480 nomen
753 3417 879 3481 abest.

284 3537 413 3600 Praeter
444 3554 495 3600 eos
528 3555 636 3602 versus
670 3538 780 3620 quibus
806 3539 924 3622 Cyrnus
957 3538 1131 3622 appellatur
1158 3537 1185 3600 si
1210 3536 1266 3620 qui

195 3641 250 3708 alii
272 3643 305 3706 in
328 3643 435 3706 nostra
459 3639 578 3725 sylloge
602 3644 726 3708 exstant
750 3645 860 3727 quibus
883 3648 1049 3728 praecepta
1066 3645 1186 3721 dentur,
1212 3661 1267 3708 eos

195 3767 300 3815 ornnes
331 3748 370 3813 ad
403 3733 595 3814 convivalem
628 3767 719 3814 usum
749 3749 864 3814 referre
887 3751 951 3815 iam
975 3751 1063 3815 nobis
1086 3749 1203 3827 licebit,
1237 3749 1266 3813 si

194 3852 318 3936 quidem
333 3855 497 3936 praecepta
518 3854 549 3917 in
567 3855 715 3919 conviviis
732 3855 903 3938 antiquitus
920 3854 1027 3920 audita
1043 3858 1124 3932 sunt,
1149 3873 1267 3938 eosque

194 3961 227 4024 in
257 3959 366 4043 primis
399 3978 473 4042 quos
505 3961 719 4044 praeceptivos
750 3980 818 4026 esse
846 3961 962 4026 diserta
986 3963 1081 4026 verba
1103 3963 1268 4044 praeterea

195 4066 362 4132 declarant.
410 4063 526 4148 Qualia
559 4068 634 4133 haec
666 4069 876 4144 observamus,
908 4088 985 4151 quae
1017 4070 1050 4133 in
1074 4068 1124 4132 his
1148 4067 1276 4150 eclogia.

194 4175 368 4242 occurrunt:
