2934 4882
200 484 219 548 8
336 483 352 550 ξ
371 481 396 538 2.
424 480 598 551 Praeceptivi
617 497 711 537 versus
730 481 827 549 quibus
846 482 951 550 Cyrnus
970 482 1134 550 appellatur.

288 657 355 726 ἀλλ’
382 657 440 744 ἄγε
463 656 510 744 δή,
537 656 660 734 Σκύθα,
684 670 766 745 κεῖρε
788 658 897 745 κόμην,
926 655 1083 724 ἀπόπαυε
1105 660 1139 725 δὲ
1163 668 1278 743 κῶμον

199 791 235 837 ea
258 769 406 853 usurpata
429 768 486 843 est,
511 766 538 830 si
562 766 703 892 quidem
710 768 786 832 baec
808 766 853 831 ibi
876 770 1041 850 praeeunt:

288 879 362 950 Πῶς
385 865 459 954 αμῐν
481 868 668 957 τέτληκεν
649 867 703 934 απ’
730 867 905 958 αολητῆρος
928 867 1044 936 ἀείδειν

332 975 440 1061 θυμός
467 1013 1054 1026 --------

287 1124 330 1134 -
365 1121 408 1131 —
445 1121 486 1132 -
520 1078 553 1145 ἐν
576 1079 757 1160 εἰλαπίναις
780 1089 954 1169 φορέοντας

332 1193 487 1274 ξανθῇοίν
509 1213 544 1253 τε
567 1188 683 1271 κόμαις
705 1194 910 1276 πορφυρέους
933 1188 1127 1275 στεφάνοος;

199 1301 316 1365 Vocem
340 1298 462 1377 *κῶμοί
479 1295 573 1360 etiam
591 1295 767 1379 Hesychius
784 1296 919 1381 ascripta
935 1298 1061 1362 notione
1078 1293 1275 1375 ισυμπόσια

198 1407 350 1490 explanat.
403 1401 523 1469 centra
554 1422 644 1468 versu
677 1405 774 1482 1046,
806 1403 858 1468 ubi
889 1404 993 1486 agitur
1025 1401 1062 1466 de
1093 1401 1273 1484 recipiendo·

198 1531 293 1587 comc,
310 1511 467 1596 proprium
484 1510 549 1575 eius
561 1509 688 1575 voculae
701 1528 825 1574 sensum
839 1529 910 1575 eum
922 1528 1128 1592 agnoscamus
1141 1527 1272 1573 necesse

198 1621 256 1697 est,
283 1620 319 1683 ut
346 1619 389 1683 sit
416 1617 611 1682 redeuntium
634 1636 653 1680 a
677 1616 815 1682 convivio
840 1634 954 1699 agmen
977 1614 1269 1683 comessabundum.

199 1727 298 1804 Quem
322 1744 447 1790 sensum
464 1743 482 1790 a
498 1725 602 1789 nostro
618 1722 698 1800 lece,
722 1724 749 1787 si
765 1725 850 1787 recte
866 1723 1012 1787 scribitur
1027 1722 1072 1786 ibi
1088 1717 1131 1783 ‘io
1147 1718 1270 1802 κώμοις

197 1826 345 1915 ἐρατοῖς,
362 1830 498 1895 alienum
514 1848 581 1895 esse
597 1829 786 1893 existimem.
818 1830 911 1913 Oyrni
928 1830 1010 1894 enim
1026 1828 1150 1893 nomine
1166 1829 1269 1892 notati

198 1955 305 2002 versus
328 1937 430 2002 minus
453 1937 536 2001 certe
559 1935 661 2000 idonei
684 1937 782 2013 erant,
807 1937 908 2018 quiin
925 1936 1075 2000 ebrietate
1092 1934 1267 1999 etlasciuia

199 2043 322 2109 demum
346 2043 540 2108 canerentur.

287 2152 396 2217 Altera
430 2151 510 2215 ratio
546 2170 608 2233 qua
642 2148 810 2214 convivalis
844 2168 918 2213 usus
950 2168 1056 2213 eorum
1092 2146 1267 2212 carminum

199 2259 308 2343 quibus
332 2257 452 2340 Cyrnus
475 2252 649 2338 appellatur
671 2252 813 2337 intellegi
836 2254 936 2336 possit
959 2254 1035 2318 baec
1059 2257 1124 2318 est:
1156 2254 1268 2318 lnsunt

197 2365 360 2448 praecipue
382 2365 415 2427 in
437 2363 477 2427 iis
500 2363 664 2445 praecepta
688 2364 918 2445 (παραινέσεις)
934 2365 966 2424 et
981 2398 1025 2406 -
1040 2359 1133 2424 liceat
1149 2358 1267 2423 Graece

197 2471 276 2536 illut
293 2471 465 2554 exprimere
482 2505 523 2514 -
540 2464 743 2534 στασιωτικά.
772 2466 861 2531 Talia
877 2484 948 2531 vero
963 2484 1088 2549 prorsus
1104 2486 1120 2531 e
1136 2484 1270 2531 censue·

196 2578 302 2642 tudine
326 2574 480 2641 convivali
504 2573 600 2638 fnisse
624 2573 735 2637 statim
760 2573 942 2638 videbimus.

286 2876 307 2962 ᾗ
331 2876 368 2943 2.
398 2872 653 2956 Praeceptivi
676 2891 821 2940 versus
846 2874 991 2955 quibus
1015 2873 1174 2957 Cyrnus

613 2978 852 3064 appellatur.

285 3124 368 3190 Fieri
388 3143 448 3189 non
464 3123 577 3207 potest,
601 3122 676 3205 quin
693 3122 722 3187 ei
738 3124 861 3188 nostrae
878 3122 1013 3207 sylloges
1029 3140 1135 3187 versus
1152 3121 1268 3204 quibus

196 3231 313 3297 morale
348 3230 398 3295 vel
431 3229 508 3294 utile
539 3232 741 3313 praeceptum
771 3231 962 3312 expromitur
992 3231 1025 3294 in
1056 3228 1267 3311 suspicionem

196 3338 284 3404 nobis
316 3338 454 3414 veniant,
486 3337 538 3418 qui
569 3336 608 3401 ad
639 3336 831 3402 convivalem
854 3357 943 3402 usum
968 3337 1043 3402 facti
1067 3336 1139 3400 sint.
1188 3334 1268 3399 llrat

196 3444 279 3507 enim
307 3442 455 3525 antiquus
479 3459 555 3520 mos,
587 3443 678 3506 utin
702 3443 851 3507 conviviis
875 3443 971 3507 etiam
994 3441 1076 3507 bona
1098 3443 1268 3524 praecepta

194 3549 340 3613 iuvenum
363 3549 490 3630 pectora
512 3547 708 3616 imbiberent.
755 3548 852 3627 Quem
877 3568 996 3614 morem
1019 3548 1115 3630 ipsius
1139 3548 1267 3611 nostrae

195 3673 219 3719 s.
244 3667 351 3718 versus
375 3654 529 3722 eoa-66
554 3652 729 3736 designaut,
754 3655 902 3719 suadente
924 3656 1025 3738 po'e'ta,
1047 3656 1083 3717 ut
1103 3652 1215 3734 aliquis
1231 3652 1267 3716 iu

195 3759 335 3826 conuiuio
368 3758 565 3843 sapientioris
596 3760 657 3825 riri
687 3759 779 3826 lateri
801 3761 924 3826 iunctus
947 3762 990 3825 sit
1012 3777 1161 3842 auresque
1184 3759 1267 3822 bene

193 3865 350 3948 praebeat,
368 3866 396 3929 si
412 3865 484 3948 quid
499 3865 553 3930 ille
568 3866 737 3950 praedicet.
765 3868 912 3932 Dixeris
903 3888 936 3931 1n
952 3868 1000 3932 bis
1017 3868 1053 3931 de
1070 3865 1269 3930 sermonibus

195 3975 227 4034 et
257 3969 408 4054 colloquio
439 3975 544 4056 potius
579 3975 632 4057 agi
655 3994 747 4057 quam
771 3975 808 4039 de
832 3977 1003 4040 carminum
1026 3975 1129 4039 cantu
1177 3971 1268 4050 Quod

194 4092 255 4138 non
287 4076 477 4157 negaverim,
509 4096 580 4141 cum
613 4081 646 4142 et
676 4098 724 4146 vu.
750 4081 904 4148 295-98
936 4079 973 4144 de
1000 4099 1086 4145 mero
1110 4078 1267 4161 colloquio

193 4179 367 4261 cogitemus
388 4199 515 4247 necesse
539 4184 590 4260 sit,
614 4184 646 4248 in
671 4185 781 4267 quibus
804 4185 922 4270 garruli
943 4187 1077 4252 bominis
1094 4185 1268 4252 conuiualis
