2934 4882
238 435 279 500 16
505 431 560 500 §t
589 428 731 485 Stasiotioi
750 434 779 483 et
798 426 921 483 sodalicii
934 441 1037 481 versus.

236 610 345 693 ltaque
369 628 502 692 aequum
527 609 589 674 erit
611 610 644 674 et
667 627 704 674 ea
726 607 864 672 carmina
886 607 971 671 inter
993 601 1166 669 convivalia
1188 602 1309 668 referre

235 735 314 799 quae
346 715 463 781 Graeco
493 715 618 782 nomine
649 713 748 797 possis
779 711 934 795 appellare
965 706 1196 788 *υιυσαυιικά’,
1227 727 1310 790 quae

237 822 310 885 suut
341 839 378 887 ea
409 839 486 904 quae
519 818 557 885 ad
590 818 835 901 rempublicam
858 818 1036 900 pertineant
1058 818 1090 879 et
1113 816 1144 879 in
1169 815 1309 897 partium

236 927 340 994 studio
364 929 536 995 versentur.
583 926 618 990 ln
642 925 754 1008 quibus
778 926 810 989 et
832 924 1030 988 inveniuntur
1053 921 1163 1003 quibus
1187 918 1310 1001 Cyrnus

237 1033 423 1118 appelletur,
451 1032 531 1099 uude
554 1051 660 1096 rursus
683 1030 849 1113 intellegas
873 1027 1085 1112 Theognidem
1109 1022 1310 1090 caecumine

236 1139 350 1223 quibus
373 1140 509 1223 Cyrnum
532 1138 700 1221 alloquitur
723 1137 761 1202 ad
785 1137 973 1202 convivalem
998 1153 1087 1198 usum
1112 1130 1257 1195 edidisse.
1285 1209 1289 1218 Ι

329 1245 497 1311 Videamus
529 1245 664 1329 primum
688 1242 876 1325 Theognidis
906 1240 979 1306 illos
1008 1238 1128 1303 uersus!
1176 1237 1310 1302 Initium

239 1349 369 1415 facimus
392 1370 412 1416 a
435 1371 483 1418 vv.
504 1354 655 1420 183-92
672 1372 700 1435 q.
714 1371 739 1416 s.

328 1454 443 1541 Κρισύς
472 1454 529 1536 μὲν
559 1457 614 1520 καί
636 1453 727 1532 όνους
750 1453 920 1541 διζήμεθα,
954 1453 1064 1538 Κύρνε,
1097 1454 1150 1516 καὶ
1181 1452 1310 1530 ἵππους

372 1556 525 1644 εὐμενεάς,
549 1565 604 1626 καί
626 1585 675 1637 τις
697 1558 846 1643 βούλεται
868 1559 902 1640 ἐξ
925 1555 1062 1643 ἀγαθῶν

328 1663 516 1750 βήσεσθαι·
541 1671 639 1751 γῆμαι
662 1663 696 1728 δὲ
719 1665 815 1751 κακὴν
838 1671 937 1728 κακού
961 1660 997 1729 ού
1020 1663 1194 1745 μελεδαίνει

374 1770 494 1850 ἐσθλὸς
516 1767 605 1858 ἀνήρ,
629 1769 664 1858 ἥν
687 1769 718 1836 οἱ
741 1771 891 1858 χρήματα
914 1771 1020 1835 πολλὰ
1045 1769 1129 1856 διδῷ.

329 1870 402 1939 oddo
424 1876 500 1963 γυνὴ
523 1883 622 1941 κακοῦ
645 1874 760 1963 ἀνδρός
783 1873 944 1942 ἀναίνεται
966 1860 1048 1942 εἶναι
1071 1877 1195 1956 ἄκοιτις

375 1981 542 2057 πλουσίου,
566 1978 636 2047 ἀλλ’
661 1978 778 2067 ἀφνεὸν
800 1982 952 2067 βούλεται
975 1979 1043 2048 ἀντ’
1067 1979 1210 2067 ἀγαθοῦ.

333 2086 481 2173 χρήματα
511 2089 571 2175 γὰρ
601 2095 718 2171 τιμῶσι
742 2112 749 2128 ·
773 2091 828 2154 καὶ
858 2087 892 2154 ἐκ
920 2093 1017 2154 κακοῖν
1042 2087 1162 2167 ἐσθλός
1185 2089 1311 2177 ἔγημεν,

376 2194 429 2258 καὶ
452 2193 550 2270 κακός
572 2189 607 2273 ἐξ
630 2188 759 2277 ἀγαθοῦ
785 2219 792 2232 ·
816 2196 955 2272 πλοῦτος
977 2195 1062 2277 ἔμιξε
1085 2203 1184 2282 γένος.

330 2299 414 2366 otico
437 2301 480 2388 μὴ
502 2299 653 2382 θαύμαζε
677 2307 775 2384 γένος,
800 2301 999 2388 Πολυπαίδη,
1024 2304 1129 2368 ἀστῶν

374 2409 599 2494 μαυροῦσθαι·
625 2409 680 2472 σύν
703 2408 762 2494 γὰρ
786 2413 934 2491 μίσγεται
958 2407 1062 2474 ἐσθλὰ
1087 2422 1205 2488 κακοῖς.

240 2518 288 2582 lix
323 2517 371 2582 his
405 2516 661 2600 proficiscendum
695 2517 774 2581 mihi
810 2516 932 2582 videtur
967 2521 1002 2582 ut
1032 2518 1105 2600 quid
1128 2519 1188 2583 sibi
1211 2519 1314 2584 velint

241 2645 290 2692 uu.
308 2627 350 2692 53
364 2643 429 2707 sqq.
455 2622 673 2705 intellegamus
697 2624 750 2706 qui
773 2627 845 2688 sunt

334 2728 443 2813 Κύρνε,
475 2727 572 2805 πόλις
594 2728 651 2809 μὲν
683 2724 737 2793 ἔθ’
761 2726 817 2815 ἥδε
847 2730 953 2808 πόλις,
986 2732 1057 2796 λαοὶ
1088 2730 1121 2796 δὲ
1144 2729 1180 2816 δι’]
1203 2726 1311 2793 ἄλλοι·

377 2836 408 2898 οἳ
431 2829 553 2920 πρόσθ’
578 2830 649 2899 ούτε
672 2833 764 2912 δίκας
785 2832 899 2921 ᾔδεσαν
923 2836 994 2902 elice
1017 2838 1142 2919 νόμους.

331 2935 402 3004 ἀλλ’
426 2936 511 3026 ἀμφὶ
530 2941 683 3026 πλευρῇσι
707 2941 802 3028 δορός
824 2940 922 3026 αἰγῶν
945 2950 1139 3029 κατέτριβον,

377 3044 438 3125 ἔξω
462 3042 490 3110 δ’
504 3042 580 3110 ὥστ’
604 3046 719 3133 ἔλαφοι
741 3045 829 3134 τῆσδ’
852 3047 998 3132 ἐνέμοντο
1021 3048 1146 3125 πόλεος,

332 3154 388 3217 καὶ
414 3160 469 3217 νῦν
499 3149 559 3218 ei'o'
583 3149 724 3233 ἀγαθοί,
749 3155 949 3244 antenatus,
977 3154 1009 3220 οἱ
1037 3153 1071 3217 δὲ
1094 3156 1171 3235 πρὶν
1193 3150 1316 3219 ε’σθλυί

377 3263 430 3324 νῦν
453 3260 559 3326 δειλοί.
594 3264 660 3326 κτλ.

242 3369 279 3433 In
309 3369 358 3432 his
385 3369 483 3450 igitur
506 3370 634 3452 politico
658 3390 750 3460 sensu
773 3390 862 3436 voces
886 3365 1024 3454 ἀγαθός,
1057 3363 1183 3442 ἐσθλός,
1216 3364 1316 3444 κακός

242 3473 439 3555 accipiendas
463 3493 530 3540 esse
553 3495 608 3558 pro
632 3479 716 3541 certo
740 3476 844 3553 ducas,
872 3497 941 3542 cum
968 3474 1103 3540 dubitari
1126 3492 1214 3557 posse
1239 3492 1316 3538 con-

242 3580 361 3658 cedam,
386 3600 462 3645 num
484 3582 603 3649 nobiles
626 3584 655 3648 ei
678 3584 732 3666 qui
756 3583 828 3648 boni
851 3585 1000 3648 vocentur
1019 3578 1221 3661 intellegendi
1237 3580 1315 3658 sint,

242 3688 272 3751 si
295 3687 453 3770 Theognis
475 3688 522 3753 ita
543 3687 682 3772 loquitur
703 3709 752 3755 vv.
770 3691 916 3757 43-52:

337 3786 495 3872 Ούδεμίαν
517 3813 585 3867 πω,
618 3788 724 3877 Κύρυ),
755 3788 879 3876 ἀγαθοὶ
907 3788 1002 3857 πόλιν
1033 3789 1155 3856 ὤλεσαν
1183 3788 1317 3875 ἀνδρες·

378 3892 447 3959 ἀλλ’
474 3893 550 3961 όταν
573 3895 711 3983 ύβρίζειν
733 3908 817 3962 τοῖσι
839 3911 981 3963 κακοῖσιν
1005 3894 1075 3983 idn,

334 4001 432 4068 δῆμόν
450 4027 484 4067 τε
506 4006 680 4089 φθείρωσι,
705 4004 801 4081 δίκας1
817 4001 845 4067 τ’
869 4001 1007 4070 ἀδίκοισι
1030 4002 1160 4069 διδιῦσιν

326 4126 333 4153 ²
379 4107 501 4174 οἰκείων
525 4109 658 4195 κερδίων
681 4110 784 4175 εἵνεκα
806 4112 860 4175 καὶ
883 4111 1023 4196 κράτεος,
