2934 4882
194 482 236 544 42
427 479 443 546 fi
464 477 506 531 10.
535 477 637 533 Breues
656 476 810 532 sentcntiae
829 483 859 532 et
876 476 1031 544 proverbia.

194 658 261 723 Una
285 658 389 721 autem
414 675 484 721 cum
508 657 632 723 creticis
656 656 862 722 cantiunculis
883 656 926 721 ibi
943 658 1144 734 memoratur,
1167 656 1216 722 ita
1232 659 1269 721 ut

194 763 231 831 dc
254 764 429 846 praeceptis
453 765 505 828 rix
529 767 658 848 cogites.

284 869 437 954 Vulgatas
469 869 578 934 deinde
607 871 788 945 sententias,
820 888 899 952 quae
921 869 1085 952 proverbia
1107 867 1267 952 appellare

193 976 303 1058 possis,
341 976 422 1040 inter
460 976 632 1040 convivalia
666 976 804 1040 carmina
842 977 981 1058 receptas
1016 994 1083 1040 esse
1119 975 1266 1041 Atticum

194 1080 325 1146 scolium
349 1083 392 1149 20
414 1082 471 1165 (23
496 1102 545 1165 ep.
562 1082 656 1164 ng.)
688 1081 872 1147 documento
903 1085 962 1148 est.
1011 1081 1099 1160 Quod
1122 1101 1196 1146 cum
1219 1079 1267 1144 its

195 1206 228 1253 se
251 1188 381 1251 habeat:
802 1216 805 1222 ·
868 1195 869 1198 ’

279 1286 363 1357 Ὑπδ
386 1292 486 1355 παντὶ
508 1291 597 1376 λίθῳ
619 1295 783 1377 σκορπίος,
809 1281 836 1354 ὦ
858 1286 962 1375 ’ταῖρζ
986 1284 1173 1356 ὑποδύεται·

282 1397 414 1483 φράζευ,
437 1394 484 1483 μή
504 1418 539 1461 οε
560 1397 662 1482 βάλῃ·
687 1407 734 1481 τῷ
757 1392 784 1461 δ’
808 1391 926 1481 ἀφανεῖ
947 1402 1014 1473 πᾶς
1029 1394 1144 1462 ἕπεται
1160 1396 1265 1474 δόλος,

198 1508 287 1571 vetus
311 1506 508 1590 proverbium
531 1506 574 1569 ibi
590 1506 716 1571 subesse
733 1525 769 1569 en
786 1505 994 1588 Aristophane
1010 1524 1189 1587 cognoscas,
1214 1508 1267 1570 cni

194 1611 273 1676 illnd
297 1613 520 1695 Thesmophor.
545 1632 593 1676 vv.
611 1613 766 1680 527-30
789 1611 838 1675 his
862 1610 954 1675 dictis
977 1611 1156 1693 respicitur:

452 1717 510 1802 τήν
533 1721 711 1799 παροιμίαν
734 1713 763 1780 δ’
782 1713 904 1780 ἐπαινῶ

451 1823 508 1909 τὴν
531 1823 676 1887 παλαιάν
693 1848 700 1861 ·
717 1820 783 1888 ύπδ
808 1824 894 1907 λίθῳ
917 1823 978 1907 γαρ

452 1933 551 1993 παντί
575 1953 639 1993 που
663 1931 721 2017 χρὴ

452 2036 497 2121 μὴ
519 2034 598 2121 δάκῃ
621 2034 724 2123 ῥήτωρ
749 2032 882 2121 ἀθρεῖν..

197 2143 275 2206 Vide
306 2162 399 2226 quam
422 2164 492 2220 non,
527 2147 563 2209 ut
593 2143 663 2209 aliis
695 2144 917 2221 occasionibus,
953 2163 1058 2208 rursus
1089 2144 1140 2208 hic
1176 2143 1267 2208 Atti·

195 2270 301 2315 corum
333 2251 496 2316 scoliorum
530 2253 718 2335 comparatio
747 2251 869 2315 inutilis
893 2249 943 2317 sit.
990 2249 1071 2313 Nam
1096 2268 1174 2332 quae
1199 2250 1267 2314 vul·

194 2360 269 2440 gate
300 2359 333 2420 et
362 2359 515 2441 proverbii
545 2358 612 2424 loco
645 2357 762 2423 fuerint
789 2358 931 2440 usurpari
963 2356 1047 2420 idem
1077 2355 1110 2418 in
1138 2358 1268 2420 nostrae

192 2461 333 2546 ‘sylloges
350 2464 467 2548 eclogia
483 2465 666 2549 quibusdam
683 2466 879 2548 perspicuum
895 2466 953 2538 est,
970 2462 1058 2527 velut
1074 2462 1106 2525 in
1122 2463 1269 2527 versibus

195 2570 348 2640 335-36
373 2592 401 2655 q.
415 2591 440 2638 s.

285 2673 388 2761 Μηδὲν
408 2673 489 2758 ἄγαν
504 2676 674 2741 σπεύδειν·
692 2676 823 2740 πάντων
838 2671 906 2758 μὲδ
924 2672 1042 2759 ἄριστα
1056 2698 1063 2712 ·
1080 2674 1134 2736 καὶ
1150 2669 1268 2751 οὕτως,

329 2777 431 2866 Κύρύ,
455 2781 535 2862 ἕξεις
558 2778 682 2869 α’ρετήν,
706 2779 778 2870 ἥντε
801 2784 909 2866 λαβεῖν
933 2779 1082 2862 χαλεπόν.

196 2887 288 2953 Dicta
311 2890 394 2954 enim
419 2890 524 2977 ίμηδὲν
547 2888 628 2975 ἄγαν
651 2890 809 2956 σπεύδειν
834 2892 924 2956 initio
946 2909 1092 2955 versuum
1107 2891 1268 2957 401—06
1303 2887 1307 2893 ’

194 3015 301 3060 rursus
334 3001 506 3088 occurrunt,
543 2999 624 3064 unde
659 3000 722 3064 iam
757 3018 794 3063 ee
828 2999 860 3062 in
896 3015 948 3062 ore
983 2996 1143 3060 hominum
1167 2993 1269 3081 fuisse

194 3102 311 3184 poteris
335 3105 495 3187 suspicari.
543 3105 645 3189 Atque
670 3106 707 3169 de
731 3104 805 3168 solis
829 3103 921 3167 dictis
947 3099 1050 3187 ίμηδὲν
1072 3096 1165 3181 ἄγαν
1187 3099 1269 3165 illud

194 3212 316 3276 constat
348 3211 422 3297 (vid.
448 3214 531 3278 Plet.
549 3214 717 3297 Hipparch.
741 3232 770 3295 p.
788 3210 904 3294 2280).
956 3206 1106 3272 Ceterum
1136 3207 1270 3271 vidctis

194 3315 237 3378 ibi
260 3316 306 3380 ita
329 3318 447 3382 mentio
470 3317 516 3394 fit,
540 3320 584 3382 ut⁴
600 3318 719 3382 cultum
736 3317 802 3380 eius
819 3332 980 3398 agnosces,
1006 3312 1086 3376 unde
1101 3312 1166 3376 iam
1183 3313 1268 3377 ratio

193 3422 304 3485 horum
336 3442 480 3488 versuum
512 3425 690 3503 convivalis,
723 3425 776 3507 qui
805 3424 900 3487 etiam
923 3419 1111 3504 praeceptivi
1133 3421 1212 3482 sunt
1235 3421 1271 3483 et

196 3528 291 3610 Cyrni
325 3529 533 3611 appellatione
563 3532 712 3612 insignes,
748 3530 836 3594 nobis
860 3528 985 3612 quidem
1016 3527 1092 3591 satis
1124 3530 1269 3602 constat3

193 3651 275 3716 resp.
299 3635 380 3718 quod
403 3656 433 3719 p.
459 3639 590 3705 ‘en-27
614 3638 899 3703 animadvertimus.

284 3741 441 3806 Proverbii
466 3741 533 3807 loco
558 3742 666 3807 deinde
689 3762 812 3808 versum
842 3745 901 3811 147
924 3743 1021 3806 fuisse
1045 3761 1073 3824 q.
1087 3759 1116 3805 e.

326 3841 378 3910 Ἐν
401 3847 435 3911 δὲ
458 3844 640 3933 δικαιοσύνῃ
664 3847 842 3935 συλλήβδην
865 3843 942 3911 πᾶδ
968 3842 1065 3932 οἷρενὴ
1086 3840 1180 3920 ’curn

193 3953 357 4019 Aristoteli
395 3955 516 4036 credes,
556 3957 607 4040 qui
645 3958 694 4021 his
728 3957 831 4022 verbis
870 3955 934 4018 ‘aot
972 3950 1271 4038 παροιμιαζόμενοι

192 4064 307 4143 φαμεν
331 4063 363 4126 in
387 4061 499 4126 uthica
523 4062 592 4126 Nic.
610 4064 637 4126 V
655 4067 686 4141 3,
714 4064 822 4132 1129b
848 4066 980 4132 29-30
1005 4082 1076 4127 eum
1100 4061 1204 4126 affert.

281 4167 412 4250 Respice
444 4169 476 4233 et
498 4168 627 4250 Bergkii
660 4168 874 4234 adnotationes
907 4168 946 4233 ad
977 4188 1027 4235 rr.
1045 4169 1203 4236 215-18
1238 4171 1274 4233 et
