2934 4882
196 461 236 522 14
461 456 476 523 9
495 455 520 509 4.
550 452 691 509 Stasiocici
711 458 739 508 et
758 451 882 508 sodalicii
900 468 1005 508 versus.

191 638 315 720 potores
343 631 469 718 ιἀνδρας
495 627 655 717 ἀγαθούς*
680 632 776 697 fuisse
800 650 836 696 ex
859 631 908 696 his
933 631 1071 695 uersibus
1096 630 1205 713 quiin
1230 650 1267 696 eo

193 761 320 807 numero
344 741 544 806 inveniuntur
566 742 708 824 apparet:

217 849 362 917 31—39:
392 853 499 910 Ταῦτα
514 844 572 927 μὲν
588 841 691 920 οὕτως
706 842 780 907 ἴσθι
798 866 805 882 ·
822 853 948 907 κακοῖσι
964 839 998 905 δὲ
1012 840 1056 925 μη
1074 839 1268 923 προσομίλει
1320 826 1321 830 “

427 948 587 1035 ἀνδράσιν,
612 946 681 1014 ἀλλ’
705 948 768 1014 αἰεὶ
791 954 853 1014 τιῦν
876 944 1015 1032 ἀγαθῶν
1038 945 1118 1026 ἔχεο.

391 1058 446 1122 καὶ
468 1057 549 1139 μετά
573 1067 673 1122 τοῖσιν
696 1068 769 1121 ιτῑνε
793 1057 848 1120 καὶ
870 1054 962 1120 ἔσθιε
985 1054 1040 1119 καὶ
1062 1051 1142 1134 μετά
1162 1062 1267 1116 τοῖσιν

432 1160 480 1244 ἷζε
503 1164 555 1228 καὶ
580 1161 693 1228 ἀνδανε
715 1173 783 1240 τοῖς
807 1185 815 1200 ·
838 1163 904 1232 κτλ.

196 1273 364 1340 611-14:
392 1267 434 1334 Οά
459 1270 601 1350 χαλεπὸν
626 1272 725 1354 ψέξαι
747 1269 802 1335 τὸν
821 1270 970 1356 πλησίον,
994 1262 1065 1331 σι’-δὲ
1088 1265 1145 1346 μὲν
1166 1259 1267 1328 αάτόν

431 1373 559 1461 αἰνῆσαι
584 1399 591 1413 ·
615 1374 732 1452 δειλοῖς
754 1371 888 1459 ἀνδράσι
915 1379 1014 1436 ταῦτα
1037 1372 1135 1453 μέλει.

392 1481 486 1566 σιγᾱν
517 1477 545 1545 δ’
569 1477 625 1545 οὐκ
654 1477 806 1546 ἐθέλουσι
828 1481 918 1544 κακοὶ
949 1478 1031 1542 κακὰ
1060 1476 1267 1558 λεσχάζονιες

431 1585 461 1651 οἱ
486 1583 514 1651 δ’
538 1583 660 1671 ἀγαθοὶ
683 1588 816 1651 πάντων
837 1593 951 1672 μέτρον
974 1584 1081 1650 ἴσασιν
1103 1582 1196 1665 ἔχειν.

197 1695 365 1763 657-581
393 1693 498 1780 Μηδὲν
514 1692 594 1778 ἀγαν
610 1695 797 1775 χαλεποῖσιν
813 1689 881 1764 ἀσιῦ
896 1698 996 1779 φρένα
1011 1686 1268 1779 μηδάγαθοῑσιν

431 1795 524 1884 χαῖρ’,
549 1796 621 1865 ἐπεὶ
644 1796 707 1864 ἔστ’
727 1795 840 1886 ἀνδρὸς
862 1798 970 1863 πάντα
992 1803 1100 1884 φέρειν
1124 1793 1267 1880 ἀγαθοῦ.

198 1906 376 1974 1025-26:
395 1906 504 1969 Δειλοί
526 1929 577 1971 τοι
599 1905 750 1994 κακότητι
774 1905 979 1990 ματαιότεροι
1003 1904 1072 1969 νόον
1095 1901 1184 1978 εἰσίν,

430 2015 492 2076 τῶν
514 2007 543 2076 δ’
566 2007 704 2096 ἀγαθιῦν
727 2011 790 2077 αἰεὶ
813 2012 943 2100 πρηξιες
967 2010 1127 2097 ἰθύτεραι.

196 2116 326 2180 Meceni
357 2117 466 2182 deinde
490 2139 537 2188 vv.
556 2122 709 2189 365-66
734 2124 766 2185 ei
791 2121 977 2195 1029-30,
1010 2137 1048 2182 ne
1072 2114 1141 2201 quis
1164 2135 1269 2182 moros

197 2222 302 2286 teneat
340 2240 462 2287 eorum
485 2225 538 2307 qui
572 2228 721 2290 uocantur
755 2223 863 2293 δειλοί.
922 2226 957 2289 ln
991 2221 1199 2306 praeceptivis
1236 2225 1269 2285 et

199 2348 245 2394 vv.
265 2329 418 2397 319—‘22
442 2347 537 2413 ponas
561 2351 589 2414 q.
607 2352 631 2395 s.

290 2429 391 2519 Κύρν’,
423 2430 552 2519 ἀγαθὸς
583 2437 640 2519 μὲν
667 2432 747 2523 ἀνηρ
776 2435 900 2523 γνώμην
931 2434 996 2515 ἔχει
1027 2433 1165 2515 ἕμιτεδον
1189 2430 1267 2509 αἰεί,

330 2541 435 2626 τολμᾷ
458 2538 483 2604 δ’
510 2540 543 2606 ἀν
563 2566 597 2606 τε
619 2553 729 2620 κακοῖς
750 2548 891 2625 κείμενος
913 2538 997 2606 ἔντ’
1020 2545 1173 2625 ἀγαθοῖς·

286 2642 314 2709 εἰ
344 2644 378 2708 δὲ
407 2645 486 2722 θεὸς
515 2647 603 2732 κακῷ
634 2644 725 2733 ἀνδρὶ
759 2653 830 2732 βίον
864 2649 918 2711 καὶ
953 2650 1092 2711 πλοῦτον
1124 2641 1268 2731 ὀπάσσῃ,

333 2746 497 2836 ἀιγραίνισν
520 2758 631 2840 κακίην
654 2750 691 2818 ml
716 2753 849 2819 δύναται
872 2761 1025 2835 κατέχειν.

200 2858 368 2923 Videamus
403 2862 435 2923 el
461 2860 538 2925 alios
561 2881 608 2926 vv.
633 2865 755 2945 praeder
778 2863 1004 2946 praeceptivos!
1053 2861 1145 2942 Cupit
1169 2860 1270 2926 eliam

198 2966 252 3031 ille
276 2966 330 3048 qui
354 2986 402 3033 vv.
420 2968 574 3035 cuc-92
597 2967 743 3051 loquitur,
768 2973 803 3034 ui
833 2967 922 3049 μετὰ
938 2973 1001 3030 τῶν
1017 2963 1164 3048 ἀγαθῶν
1193 2968 1224 3030 h.
1241 2985 1268 3035 ο.

201 3075 245 3138 ‘in
257 3073 408 3138 societate
421 3076 580 3140 bonorum’
597 3076 726 3158 probum
738 3077 917 3157 rectumque
930 3093 1050 3157 semper
1067 3092 1098 3137 so
1115 3073 1270 3154 praestet.

200 3178 343 3263 Denique
374 3182 405 3246 in
437 3184 526 3246 coetu
557 3182 706 3248 bonorum
729 3180 782 3246 illc
804 3183 945 3246 versatur
969 3181 1021 3262 qui
1044 3199 1092 3243 vv.
1111 3180 1269 3246 667-82

199 3277 296 3351 edidii
328 3290 420 3370 alque
450 3289 545 3353 eliam
569 3288 653 3372 loqui
675 3287 722 3353 ibi
744 3287 876 3354 videtur.
924 3287 1009 3351 Dicit
1032 3286 1115 3349 enim
1138 3305 1167 3349 u.
1185 3285 1268 3352 681:

289 3392 391 3457 ταῦτά
414 3417 469 3474 μοι
492 3390 619 3478 ᾐνίχθαι
643 3398 839 3477 κεκρυμμένοι
862 3402 928 3468 τοῖς
951 3388 1136 3474 ἀγαθοῖσιν,

201 3502 232 3564 el
254 3501 344 3566 initio
368 3502 477 3565 horum
500 3519 646 3565 versuum
669 3502 727 3566 hoo
751 3501 787 3564 dc
811 3518 843 3565 se
866 3499 1042 3583 profitetur:

284 3602 328 3668 El
349 3604 406 3685 μὲν
428 3600 561 3692 χρήματ’
588 3604 703 3688 ἔχοιμι,
728 3603 893 3690 Σιμωνίδη,
918 3599 972 3668 οἱά
994 3625 1055 3688 περ
1078 3598 1145 3688 ᾔδη,

335 3708 391 3775 οάκ
415 3707 453 3775 ἀν
476 3709 619 3797 ἀνιῴμην
641 3723 709 3788 τοῖς
731 3707 889 3797 ἀγαθοῖσι
912 3707 1018 3775 σονιάν·

202 3815 392 3910 Simonidem
417 3821 521 3883 aulem
545 3819 590 3882 ibi
614 3818 762 3902 appellat,
786 3838 877 3902 quem
894 3819 1024 3906 eundem
1041 3816 1136 3880 fuisse
1153 3813 1271 3879 dixeris

201 3926 294 4006 atque
317 3923 407 3988 illum
431 3926 483 4008 qui
507 3946 533 3989 v.
550 3927 614 3994 469
640 3928 677 3990 ul
700 3927 839 3990 combibo
863 3926 896 3988 iu
919 3926 1059 3989 convivio
1083 3923 1194 4005 poetae
1210 3921 1271 3986 hoc

202 4029 324 4093 nomino
354 4031 535 4113 appellatur.
583 4031 669 4097 Unde
693 4030 905 4096 concludimus
929 4037 1033 4095 nostro
1058 4044 1176 4111 quoque
1200 4026 1271 4093 loco

201 4135 232 4198 in
264 4134 403 4200 convivio
437 4136 540 4201 verba·
560 4135 638 4212 fieri,
671 4137 717 4200 ita
740 4138 776 4200 ul
799 4135 957 4201 convivale
982 4135 1077 4199 fuerit
1100 4133 1272 4217 collegium
