2934 4882
403 480 419 548 ὅ
440 479 482 536 14.
510 481 578 536 Oum
597 480 752 536 venatione
770 481 867 538 iterati
887 498 990 538 versus.
1189 486 1231 551 55

162 677 233 723 eum
257 658 372 724 attinet
395 660 447 742 qui
467 659 613 742 loquitur.
646 661 748 726 Nemo
765 660 873 726 deinde
889 663 1018 746 negabit
1033 681 1081 728 vv.
1099 663 1232 731 53-60

161 764 233 831 inde
256 784 275 831 a
298 784 326 842 u,
352 766 437 833 1109
461 764 507 831 ita
530 766 640 848 repeti,
664 769 701 832 ut
722 769 806 852 prior
829 769 896 833 eius
919 769 1039 852 elegiae
1061 787 1134 852 pars
1155 787 1185 851 q.
1205 785 1232 834 e.

252 869 363 956 Κύρνε,
394 868 490 948 πόλις
516 871 574 953 μὲν
601 868 652 936 ἔθ’
683 871 739 959 ἥδε
770 873 875 951 πόλις,
904 875 977 939 λαοὶ
1001 873 1036 938 δέ
1059 872 1097 960 δὴ
1120 869 1233 937 ἀλλοι·

296 979 328 1041 οἳ
350 974 472 1063 πρόσθ’
500 975 573 1043 οὔτε
595 977 686 1057 δίκας
708 977 821 1065 ᾔδεσαν
844 978 915 1045 οὔτε
937 978 1060 1062 νόμους,

251 1078 322 1148 ἀλλ’
346 1078 432 1168 ἀμφὶ
454 1085 609 1170 πλευρῇσι
633 1084 727 1172 δορὰς
750 1083 850 1171 αἰχιῦν
872 1092 1066 1173 κατέτριβον,

296 1187 358 1269 ἔξω
383 1185 410 1253 δ’
427 1186 503 1255 ὥστ’
527 1188 643 1276 ἔλαφοι
665 1189 752 1279 τῆσδ’
778 1191 923 1275 ἐνέμοντο
946 1192 1072 1271 πόλεος,
1199 1190 1203 1195 ’

252 1297 307 1361 καὶ
329 1297 382 1360 νόν
405 1290 464 1359 εἰ’σ’
488 1291 623 1378 ἀγαθοί,
649 1297 857 1386 Πολσπαΐδη·
876 1297 906 1363 οἱ
929 1296 963 1363 δέ
985 1300 1063 1385 πρὶν
1085 1296 1201 1397 ἐσθλοί

297 1403 350 1464 νῦν
374 1399 472 1464 δειλοί
486 1423 492 1436 ·
507 1403 558 1477 τίς
580 1425 632 1466 κεν
654 1399 742 1466 ταῦτ’
769 1399 906 1485 ἀνέχοιτ’
931 1403 1048 1491 ἐσορῶν
1055 1429 1067 1480 ;

163 1509 205 1575 ad
227 1511 307 1575 hane
329 1509 495 1575 formulam
518 1511 700 1593 perbrevem
722 1513 767 1578 ibi
789 1513 915 1579 redacte
937 1514 993 1578 sit:
1097 1563 1100 1569 .
1218 1522 1220 1527 ⁴

255 1609 360 1700 Κόρν’,
378 1613 408 1678 οἱ
424 1610 547 1699 πρόσθ’
564 1612 688 1698 ἀγαθοὶ
705 1624 757 1682 νῦν
772 1609 814 1682 αδ
828 1623 930 1693 κακοί,
955 1617 985 1682 ολ
1001 1616 1035 1682 δὲ
1050 1619 1140 1682 κακοὶ
1157 1617 1234 1702 πρὶν

298 1722 351 1784 νῦν
373 1716 499 1802 ἀγαθοί
510 1745 517 1758 ·
535 1725 585 1799 τίς
608 1745 660 1786 κεν
682 1719 772 1787 ταῦτ’
799 1719 933 1802 ἀνέχοιτ’
960 1721 1091 1808 ε’σορῶν;

163 1828 231 1892 lam
262 1845 334 1891 vero
357 1846 429 1911 pars
454 1828 520 1891 eius
542 1831 695 1910 posterior
719 1829 828 1894 eodem
849 1828 904 1895 illo
928 1828 995 1894 loco
1019 1847 1079 1893 uno
1099 1828 1234 1894 disticho

165 1935 257 2000 aucta
280 1933 404 2000 videtur
428 1951 504 1998 esse.
536 1935 684 2015 Legimus
708 1937 791 1999 enim
814 1937 885 2017 post
904 1934 997 2000 verba
1013 1937 1062 2010 τίς
1077 1954 1130 1996 κεν
1144 1925 1233 1995 ταῦτ’

164 2033 298 2120 ἀνέχοιτ’
325 2036 458 2123 daupein
486 2038 558 2103 inde
582 2059 600 2105 a
623 2059 652 2106 v.
680 2045 779 2108 1111:

254 2147 328 2224 τοδς
359 2141 509 2230 ἀγαθοὺς
538 2145 597 2227 μὲν
620 2142 836 2231 ἀτιμοτέρους,
868 2149 998 2222 κακίους
1021 2143 1055 2208 δὲ
1078 2142 1235 2224 λαχόντας

299 2254 392 2337 τιμῆς
398 2275 410 2327 ,·
431 2251 596 2338 μνηστεύει
619 2247 648 2316 δ’
664 2248 698 2316 ἐκ
720 2258 819 2317 κακοῦ
841 2250 959 2329 ἐσθλός
981 2245 1072 2337 ἀνήρ,

165 2379 237 2425 cum
269 2358 367 2425 altero
397 2357 464 2424 loco
496 2359 526 2423 ei
557 2359 709 2425 versiculo
741 2361 796 2442 qui
829 2360 862 2423 in
893 2354 1010 2443 ἐσορῶν
1039 2359 1103 2422 enit
1126 2356 1234 2422 statim

164 2465 257 2530 finale
281 2465 435 2532 distichon
464 2504 497 2513 ·-
525 2465 552 2530 si
576 2466 666 2531 modo
691 2469 740 2532 est
758 2466 833 2531 illud
857 2467 949 2532 finale
972 2503 1016 2512 -
1040 2463 1233 2529 subiiciatur.

165 2570 283 2637 Vereor
316 2574 422 2637 cutem
457 2591 496 2637 an
531 2574 632 2657 specie
667 2573 865 2658 decipiamur,
901 2573 928 2637 si
960 2571 1130 2636 insiticium
1157 2565 1235 2632 illud

166 2676 319 2742 distichon
343 2697 410 2743 esse
433 2678 610 2746 statuimus.
642 2679 751 2762 Neque
768 2678 944 2756 Schtferus,
969 2677 1021 2760 qui
1043 2677 1102 2740 hoc
1123 2673 1236 2740 statuit

165 2782 200 2847 in
215 2782 430 2849 dissertatione
446 2803 474 2865 q.
489 2782 510 2850 i.
524 2783 561 2848 de
577 2783 701 2849 iteratis
713 2783 903 2867 Theognidis
916 2785 1058 2849 distichis
1070 2801 1100 2865 p.
1114 2782 1234 2858 9-10,

165 2889 244 2954 mihi
260 2890 384 2972 quidem
399 2889 445 2954 ita
460 2889 627 2972 persuasit,
643 2892 680 2954 ut
696 2910 818 2954 omnem
835 2889 1063 2955 dubitationem
1079 2886 1234 2953 abiiciam.

166 2995 227 3075 Qui
249 2995 296 3061 ita
318 2997 535 3062 ratiocinatur:
1209 3007 1211 3010 ⁴

301 3098 366 3184 Qui
396 3101 529 3168 alterum
560 3103 664 3168 locum
697 3103 839 3184 confecit,
874 3102 939 3167 siue
971 3100 1050 3183 quod
1081 3093 1168 3162 ταῦτ’
1201 3098 1236 3162 in

256 3226 345 3273 versu
370 3212 413 3277 58
437 3208 544 3274 eodem
568 3208 658 3274 modo
682 3227 742 3292 quo
765 3202 855 3271 ταῦτ’
878 3209 911 3272 in
934 3226 1027 3272 uersu
1050 3207 1110 3274 99:

256 3350 300 3362 -
322 3353 366 3362 —
390 3312 488 3378 οὐδέ
509 3337 574 3394 μοι,
599 3314 683 3398 φίλε,
707 3309 799 3377 ταῦἀ
823 3311 868 3377 ἐνὶ
891 3314 988 3398 θυμῷ
1009 3314 1013 3398 Ι
1034 3309 1155 3398 φράζεο

257 3420 296 3485 ad
319 3439 365 3498 aa,
398 3440 475 3504 quae
498 3421 695 3501 antecedunt,
719 3421 877 3503 pertinens
900 3438 961 3483 non
981 3417 1146 3494 intellexit,
1171 3417 1236 3482 sive

257 3527 337 3610 quod
349 3526 422 3610 quid
433 3530 540 3611 posset
551 3527 682 3610 probare
695 3526 804 3602 voluit,
817 3527 899 3590 inter
912 3526 1046 3609 primum
1060 3525 1092 3588 et
1102 3523 1236 3588 alterum

257 3631 410 3698 distichon
438 3632 515 3697 duos
538 3651 646 3698 versus
669 3632 810 3708 inseruit,
842 3631 985 3714 imperite
1009 3632 1101 3714 atque
1123 3629 1236 3692 inseite

256 3737 295 3802 ad
319 3756 463 3803 vemuum
487 3737 755 3821 Theognideorum
778 3737 935 3821 exemplar
958 3736 1072 3815 scotos3
1097 3734 1138 3800 cf.

256 3864 286 3909 u.
296 3845 361 3913 666
377 3880 422 3892 -
440 3843 551 3905 -καὶ
575 3845 669 3928 τιμῆς
691 3843 746 3905 καὶ
770 3842 867 3917 κακός
890 3836 935 3903 ιόν
956 3837 1077 3920 ἔλαχεν,
1140 3833 1235 3923 [ἀνήρ

256 3950 361 4018 v.186
378 3985 420 3996 -
433 3986 477 3995 -
489 3953 592 4033 χῆμαι
604 3947 638 4011 δὲ
649 3947 748 4034 κακὴν
758 3948 857 4010 κακοῦ
870 3941 907 4008 ori
915 3943 1090 4027 μελεδαίνει
1103 3942 1106 4032 λ
1120 3941 1237 4020 ἐσθλὸς

257 4056 362 4124 v.234
380 4089 418 4102 -
437 4091 481 4101 -
497 4049 604 4138 ὀλίγης
626 4057 718 4139 τιμῆς
741 4049 875 4137 ἔμμορεν
897 4049 1016 4127 ἐσθλός
1039 4046 1132 4136 ἀνὴρλ

257 4180 285 4226 v.
297 4162 360 4231 190
375 4199 420 4208 -
436 4197 478 4209 -
493 4159 548 4223 καὶ
570 4156 604 4223 ἐκ
627 4165 727 4223 κακοῦ
748 4155 866 4235 ἐσθλὸς
888 4156 1009 4243 ἔγημεν.
