2934 4882
238 451 279 515 52
477 448 493 514 ξ
514 445 555 500 11.
583 443 651 500 Oum
669 443 823 499 venatione
841 440 938 498 iterati
957 455 1062 498 versus.

328 625 383 689 Σοί
405 620 434 688 d'
449 621 513 707 ἐγώ
535 619 589 688 old
614 646 648 687 τε
671 619 766 685 παιδί
789 620 896 707 πατὴρ
918 618 1129 707 ὑποθήσομαι
1151 616 1249 696 αὐτὸς

371 728 495 795 ἐσθλά·

239 856 419 939 loquuntur
453 854 551 937 igitur
589 853 622 916 in
659 851 845 936 quibusdam
879 854 1003 917 nostrae
1039 871 1063 917 s.
1101 852 1219 934 eclogis
1255 853 1310 934 qui

239 961 389 1044 quaedam
421 980 440 1026 a
471 959 653 1024 clarioribus
683 960 784 1043 poetis
817 959 1014 1041 acceperint.
1038 956 1148 1042 quibus
1177 958 1311 1024 liberius

240 1067 335 1131 etiam
359 1067 406 1131 uti
429 1066 515 1131 soliti
537 1066 611 1130 sint.
644 1066 781 1145 Quocum
805 1066 948 1130 convenit
970 1064 1050 1148 quod
1066 1065 1133 1148 ipso
1149 1065 1310 1147 Theognis

239 1192 278 1237 ne
308 1192 367 1238 sua
399 1171 483 1237 dicta
512 1173 552 1238 ab
583 1171 655 1237 aliis
685 1174 832 1256 usurpata
859 1173 892 1236 in
915 1172 1003 1255 peius
1026 1172 1220 1236 verterentur
1242 1171 1311 1236 iam

238 1279 356 1344 veritus
390 1281 439 1344 est
471 1280 568 1364 (resp.
599 1298 649 1344 vv.
675 1279 829 1358 19-23).
879 1278 1056 1344 convivalis
1086 1280 1190 1342 antem
1222 1276 1310 1341 illius

239 1384 362 1468 collegii
378 1386 457 1469 quod
474 1384 671 1469 statuimus1)
684 1385 849 1469 participes
865 1384 936 1450 illos
952 1384 1049 1449 fuisse
1066 1389 1311 1449 consentaneum

240 1494 297 1567 est,
321 1511 392 1556 cum
412 1493 445 1556 in
461 1513 496 1558 eo
513 1492 647 1574 collegio
663 1493 717 1576 qui
732 1493 886 1575 poetieam
902 1493 1002 1556 artem
1018 1492 1194 1554 exercerent
1210 1488 1311 1553 fuisse

240 1597 383 1681 intellegi
406 1599 501 1664 liceat
524 1618 560 1663 ex
583 1618 632 1665 vs.
650 1600 804 1668 667-82
828 1601 861 1662 et
884 1598 1048 1672 ase-92,
1072 1597 1105 1660 in
1128 1595 1239 1679 quibus
1255 1593 1312 1677 qni

239 1703 406 1787 loquuntur
427 1707 461 1769 et
479 1707 587 1789 poetas
604 1724 637 1770 se
652 1704 836 1788 profitentur
851 1706 884 1769 et
899 1704 1047 1768 bonorum
1064 1704 1094 1766 h.
1112 1721 1138 1767 e.
1155 1700 1312 1766 nobilium

240 1808 381 1874 sodalicii
403 1812 580 1894 participes.
613 1811 664 1875 llli
687 1811 795 1894 igitur,
819 1812 872 1894 qui
895 1811 956 1894 ipsi
979 1810 1074 1873 etiam
1098 1807 1313 1872 moderatores

241 1915 330 1978 erant
360 1917 499 1996 poitioee
526 1916 684 1990 scientiae,
716 1934 776 1979 non
800 1916 990 1980 adverbum
1015 1915 1207 1978 edidicerunt
1230 1932 1315 1996 quae

240 2018 372 2083 aliorum
406 2023 566 2102 poetarum
602 2025 705 2108 eraut,
745 2022 798 2085 sed
833 2023 903 2106 plus
935 2024 1079 2086 minusve
1113 2023 1237 2084 mutata
1273 2039 1315 2084 ea

239 2125 435 2192 refluxerunt.
466 2176 468 2180 »

330 2233 374 2296 lix
405 2237 512 2299 nostra
543 2236 641 2316 igitur
667 2237 787 2301 ratione
808 2256 906 2320 quam
928 2236 1056 2300 iniimus
1078 2234 1213 2299 maxime
1237 2252 1315 2316 per-

241 2338 383 2421 spicuum
406 2339 443 2404 fit
467 2361 520 2405 cur·
543 2341 691 2408 nonnulla
714 2362 791 2426 qnae
805 2344 904 2426 ipsius
919 2345 1042 2408 nostrae
1059 2362 1082 2406 s.
1100 2346 1172 2406 sunt
1186 2340 1315 2405 variata

239 2441 355 2506 iterum
379 2445 411 2507 in
436 2465 472 2510 ea
496 2450 627 2514 exstent.
660 2448 841 2513 Addiderim
862 2447 1014 2531 quaedam
1031 2448 1126 2513 etiam
1141 2448 1173 2510 iu
1189 2446 1315 2511 Atticis

241 2548 357 2625 aeoliis,
386 2569 464 2632 quae
488 2554 660 2618 convivalia
682 2555 822 2644 carmine
845 2553 940 2620 fuisse
964 2574 1054 2621 nemo
1077 2554 1215 2637 negabit,
1238 2573 1315 2618 eum

239 2655 394 2719 vauetate
417 2654 559 2722 lectionis
583 2659 698 2723 iterum
721 2659 794 2742 legi.
835 2659 988 2738 Quattuor
1010 2659 1094 2724 enim
1117 2659 1173 2724 illa
1197 2660 1316 2742 quibus

239 2759 428 2823 Harmodius
460 2763 492 2825 et
515 2761 692 2845 Aristogito
724 2764 918 2829 celebrantur
939 2766 1009 2848 (10,
1034 2771 1086 2842 11,
1112 2767 1165 2842 12,
1192 2769 1235 2833 13
1259 2786 1315 2849 ap.

240 2863 452 2949 Athenaeum)
476 2885 538 2932 non
561 2871 703 2953 strophas
718 2872 809 2935 unius
825 2873 971 2936 carminis
988 2891 1055 2956 esso
1071 2874 1212 2955 apparet,
1238 2892 1314 2938 cum

240 2989 294 3053 pro
318 2971 420 3036 verbis
444 2977 569 3058 excepto
594 2979 688 3043 scolio
708 2983 746 3045 11
765 2978 926 3043 simillima
942 2979 1001 3043 sibi
1018 2981 1090 3044 sint.
1125 2979 1318 3047 Ceterorum

241 3077 322 3140 enim
347 3079 373 3141 si
396 3081 533 3185 primum
556 3082 744 3147 versiculum
767 3083 944 3161 abscideris,
969 3085 1044 3149 haec
1067 3086 1203 3149 restant:

401 3251 509 3340 ὥσπερ
528 3250 697 3342 Ἁρμόδιος
720 3259 774 3324 καί
796 3255 1045 3343 Ἀριστογείτων,

400 3356 453 3423 ὅτε
476 3362 530 3425 τὸν
552 3360 701 3445 τύραννον
724 3371 874 3450 κτανέτην

401 3463 566 3546 ἰσονόμους
588 3463 616 3528 τ’
637 3464 778 3554 Ἀθήνας
800 3465 1003 3558 ἐποιησάτην.

401 3654 509 3744 ὥσπερ
531 3657 697 3745 Ἁρμόδιος
719 3665 772 3727 καὶ
789 3659 1029 3751 Ἀριστογείτων,

401 3761 449 3830 ὅτ’
469 3763 644 3855 Ἀθηναίης
666 3767 698 3833 ἐν
721 3774 855 3849 θυσίαις

400 3868 501 3957 ἄνδρα
524 3873 691 3959 τὺρανννον
706 3873 886 3963 Ἵππαρχον
909 3876 1077 3966 ἐκαινέτην.

333 4136 356 4200 1)
375 4137 543 4204 Respicimus
563 4155 595 4192 ea
615 4156 684 4206 quae
704 4141 719 4210 ξ
739 4142 755 4195 4
775 4143 956 4210 exposuimus.
