2934 4882
469 493 484 559 ξ
505 492 529 547 4.
558 492 699 547 Stasiotioi
718 498 747 547 et
766 492 889 549 sodalicii
908 509 1011 549 versus.
1232 499 1271 562 17

286 664 391 731 [ἔλπεο
413 666 456 752 μὴ
480 666 573 752 δηρὸν
596 672 697 754 κείνην
721 668 816 735 πόλιν
839 665 1078 755 οίερεμιεῖσθοιι,

336 769 409 860 μηδ’
432 772 460 837 εί
484 779 536 836 νῦν
559 775 662 859 πολλῇ
685 787 787 840 κεῖται
810 773 842 840 ἐν
865 770 989 863 ἡσυχίῃ,

284 872 355 945 ,εὖτ’
379 877 417 943 ιλν
441 890 524 944 τοῖσι
548 892 672 945 κακοῖσι
695 878 763 966 φίλ’
788 878 919 967 ἀνδράσι
943 886 1044 947 ταῦτα
1068 890 1205 991 γένηταιἲ

336 985 445 1072 κέρδεα
468 984 609 1072 δημοσίῳ
632 988 687 1052 σὺν
709 992 797 1073 κακῷ
820 987 980 1074 ἐρχόμενα.
1205 999 1207 1003 ’

291 1089 325 1156 ἐκ
348 1100 411 1157 τιον
434 1095 493 1180 γὰρ
518 1096 647 1174 σεοίσιές
669 1122 703 1163 τε
726 1099 780 1161 καὶ
804 1096 941 1183 ἕμφολοι
964 1099 1056 1184 φόνοι
1080 1095 1200 1186 ἀνδρῶν
1261 1149 1263 1153 r

336 1199 510 1288 μούνοιρχοί
533 1199 632 1269 θ”ἅ
655 1205 750 1269 πόλει
773 1204 900 1292 μήποτε
924 1206 997 1290 τῇδε
1021 1202 1102 1271 ἅδοι.

199 1307 251 1371 rbi
274 1307 358 1371 enim
381 1309 471 1371 κακοὶ
496 1306 605 1393 ἄνδρες
633 1331 692 1376 nou
717 1314 782 1376 tam
805 1312 969 1396 populares
993 1317 1066 1378 suut
1089 1332 1182 1396 quarn
1205 1313 1279 1378 ἴσον

194 1415 276 1480 λίοεί
309 1416 449 1481 homines
481 1416 534 1499 qui
565 1415 665 1498 plebis
697 1417 834 1495 furorem
863 1417 922 1482 sibi
946 1421 1111 1485 consiliare
1134 1419 1269 1484 student.

196 1519 392 1585 :crediderim
420 1541 493 1586 vero
518 1522 691 1606 'Pheognidi
714 1524 772 1587 hoo
796 1523 873 1600 loeo,
907 1544 976 1588 oum
999 1527 1076 1589 haee
1099 1525 1229 1590 ambitio
1252 1544 1271 1589 a

198 1624 360 1691 nobilibus
394 1627 443 1693 vel
474 1628 513 1692 ab
545 1629 585 1692 iis
618 1631 669 1712 qui
693 1650 726 1694 ue
750 1650 824 1694 vera
848 1633 941 1714 atque
966 1651 1002 1696 ex
1026 1633 1091 1696 eius
1116 1631 1271 1695 sententia

199 1732 321 1799 nobiles
349 1732 464 1798 fuerint
491 1735 682 1800 alienissima
711 1737 852 1803 videatur
876 1738 983 1814 fuisse,
1016 1737 1099 1814 illos,
1131 1737 1270 1820 quamvis

196 1841 262 1905 sini
296 1843 356 1926 ipsi
391 1844 508 1909 nobiles
544 1843 604 1906 visi
639 1844 712 1924 siut,
748 1863 808 1908 uon
843 1844 906 1909 iam
942 1844 1070 1925 agnosci
1098 1845 1130 1906 et
1152 1840 1270 1918 κακούς

194 1948 390 2035 appellari.¹)
439 1950 496 2015 Cui
524 1949 618 2014 aliam
647 1947 798 2031 quandam
827 1946 1031 2031 capessendae
1060 1945 1269 2029 reipublicae

193 2054 353 2119 vrationem
400 2076 493 2139 quam
540 2055 659 2120 nobiles
706 2057 905 2137 sequerentur
949 2055 983 2118 iu
1026 2055 1128 2118 animo
1172 2053 1269 2117 fuisse

195 2179 248 2223 εν.
267 2162 421 2228 233-34
446 2163 596 2244 detegunt
619 2181 646 2243 q.
661 2181 684 2225 s.

285 2260 477 2346 Ἀκρόπολις
500 2268 553 2328 καὶ
577 2266 698 2350 πύργος
721 2263 780 2331 ίιὺν
802 2266 984 2350 κενεόφρονι
1008 2263 1106 2351 δήμῳ,

336 2362 439 2452 Κύρν’,
464 2363 572 2455 ὀλίγης
594 2373 685 2456 τιμῆς
708 2369 842 2455 ἔμμορεν
865 2367 982 2445 ἐσθλὸς
1006 2364 1091 2454 ἀνήρ.

196 2475 287 2539 Ὴεεο
322 2479 370 2540 osi
405 2495 441 2540 ea
469 2478 549 2542 ratio
574 2498 633 2561 qua
657 2499 717 2544 nou
741 2481 804 2544 suis
828 2478 996 2543 commodis
1020 2476 1193 2541 inserviant
1216 2474 1269 2557 qui

200 2577 318 2662 aliquid
342 2581 373 2643 iu
390 2600 422 2645 re
439 2582 564 2664 publiea
581 2584 714 2649 valeant.
754 2585 855 2663 Quam
871 2584 973 2648 minus
990 2580 1155 2647 fecundam
1172 2579 1267 2643 fuisse

200 2689 440 2752 cousentaneum
464 2707 538 2754 saue
562 2693 619 2755 est.
667 2691 824 2772 Theognis
848 2709 919 2755 vero
943 2687 1073 2770 inagis,
1098 2688 1133 2749 ut
1149 2682 1268 2748 nobiles

196 2793 238 2856 ab
262 2792 401 2875 improbe
425 2793 517 2858 iactis
541 2796 693 2861 detineret
717 2795 770 2880 (of.
788 2814 836 2860 vv.
852 2793 1055 2877 1177-78),
1080 2793 1115 2856 ut
1137 2809 1171 2854 re
1195 2808 1267 2853 vera

197 2900 273 2964 'boni
301 2900 450 2984 probique
478 2901 596 2966 fierent.
644 2903 791 2968 Ceterum
819 2901 1053 2984 improbitatem
1081 2892 1265 2981 (κακότητα)

195 3022 302 3068 eorum
334 3005 387 3087 qui
416 3002 519 3089 δήμου
543 3002 691 3089 ἡγεμόνες
713 3007 863 3072 vorantur
884 3008 1046 3086 praeterea
1069 3024 1118 3070 vv,
1135 3003 1266 3070 39-42

194 3111 265 3192 (qui
292 3112 352 3193 ipsi
377 3111 566 3194 Theognidis
595 3114 681 3192 sunt)
709 3113 741 3175 et
765 3112 927 3177 δοῦ-56
951 3109 1132 3190 agnoscunt.
1179 3107 1265 3172 Cous.

199 3215 283 3295 quod
307 3214 400 3279 Solon
424 3215 500 3279 dicit
524 3215 561 3277 fr.
579 3219 648 3291 4‚7
673 3213 784 3297 (ng.)
808 3209 906 3296 δήμου
929 3206 964 3272 θ’
976 3206 1134 3296 ἡγεμόνιον
1157 3205 1266 3285 ἄδικος

196 3315 279 3391 νόος.

288 3422 488 3486 Inveniuntur
516 3423 548 3486 in
572 3424 678 3488 nostra
702 3442 727 3487 s.
751 3425 783 3487 et
806 3422 959 3486 stasiotioi
983 3439 1088 3486 vorsus
1112 3439 1130 3484 a
1154 3419 1265 3502 quibus

195 3527 293 3611 Cyrni
316 3543 427 3590 nomeu
452 3526 549 3594 abest.
597 3527 710 3606 Quales
734 3529 808 3593 suut
831 3547 880 3595 vv.
898 3529 1067 3596 eae—26:

292 3632 356 3695 Καὶ
379 3628 438 3717 γάρ
462 3655 512 3696 τοι
535 3631 677 3695 πλοῦτον
698 3631 756 3713 μὲν
779 3629 862 3712 ἔχειν
885 3626 1060 3714 ἀγαθοῖσιν
1082 3629 1190 3697 ἔοικεν.

332 3735 353 3824 ἡ
377 3743 470 3824 πενίη
494 3737 528 3802 δὲ
551 3747 640 3823 κακῷ
661 3737 826 3823 σύμφορος
849 3732 1080 3836 οίνιλρὶμφέρειν.

194 3848 299 3913 Ponas
322 3847 354 3911 in
379 3865 413 3911 eo
437 3862 565 3908 numero
589 3846 621 3908 eh
645 3863 692 3909 vv.
710 3845 863 3912 ser-82
887 3846 1011 3927 propter
1035 3846 1126 3909 verba

445 3948 537 4012 κακοὶ
560 3945 588 4013 δ’
612 3943 749 4031 οίγαθιῦν
773 3945 987 4032 καθύπερθεν

288 4092 311 4158 ¹)
332 4090 408 4146 Conf.
428 4091 499 4157 quod
517 4107 543 4144 v.
563 4092 614 4146 636
634 4091 667 4145 de
686 4089 763 4145 bonis
782 4088 898 4144 dieitur:
1023 4143 1025 4147 ,
1100 4056 1124 4175 ‚¹¹

462 4181 487 4229 οἳ
506 4180 558 4229 νῦν
576 4179 605 4229 ἐν
624 4176 736 4234 πολλοῖς
755 4177 885 4249 ἀτρεκέως
903 4175 998 4247 ὀλίγοι.

1066 4267 1082 4319 2
