2934 4882
195 455 210 526 ξ
234 458 272 512 12.
299 457 340 510 De
359 455 398 510 cis
417 454 539 510 versibus
557 455 585 509 in
604 453 702 521 quibus
720 453 823 508 femina
839 459 890 507 aut
909 451 1033 519 loquitur
1051 459 1104 512 etc.
1169 458 1211 518 45

143 633 247 716 poesis
281 634 312 697 in
346 649 382 698 eo
418 650 578 715 agnoscas.
626 631 712 698 Unde
743 634 859 710 tamen,
894 632 922 695 si
953 630 1027 714 quid
1051 631 1211 710 sentimus,

144 739 234 804 ludus
250 739 304 804 ille
321 737 490 806 convivalis
503 740 659 821 'originem
676 739 781 803 traxit.
818 738 970 805 Similiter
986 739 1070 802 enim
1085 737 1214 802 alterius

145 844 305 910 cuiusdam
327 844 393 909 ludi
415 844 586 910 convivalis
608 881 650 890 -
676 845 838 927 parodiam
854 844 922 910 dioc
947 880 991 892 -—
1013 844 1165 926 principia
1181 844 1214 907 in

144 950 266 1033 poetica
289 951 419 1016 scientia
443 951 567 1016 condita
590 950 686 1016 fuisse
711 952 807 1016 etiam
832 950 1003 1016 videbimus
1026 949 1144 1034 (ξ13).

149 1182 151 1188 ’
179 1163 201 1246 ἓ
224 1162 280 1230 12.
315 1163 375 1230 De
400 1163 459 1230 eis
483 1163 670 1231 versibus
693 1163 737 1229 in
761 1165 908 1246 quibus
933 1163 1084 1230 femina
1109 1166 1182 1230 aut

329 1269 511 1353 loquitur
534 1273 606 1338 aut
628 1268 774 1352 poetae
798 1269 1039 1355 appellatur.

236 1391 271 1457 Si
300 1395 333 1459 id
363 1397 485 1477 agimus
516 1396 552 1459 ut
582 1413 618 1457 ex
649 1413 707 1459 usu
736 1394 889 1459 convivali
912 1398 1050 1458 nostram
1074 1391 1214 1475 syllogen

145 1499 300 1581 prodiisse
325 1498 418 1564 alicui
440 1501 616 1583 probemus,
640 1500 769 1583 planum
789 1500 846 1565 fiat
862 1519 986 1564 necesse
1002 1504 1051 1563 est
1067 1497 1137 1581 quid
1157 1497 1217 1562 sibi

146 1605 246 1670 uelint
262 1605 388 1688 eclogae
401 1625 574 1689 perpaucae
590 1606 664 1671 illae
680 1606 804 1689 quidem
821 1604 874 1669 sed
891 1623 968 1687 quae
981 1604 1217 1689 explicationem

147 1711 209 1779 sibi
232 1714 406 1800 exposcant,
431 1713 462 1776 in
487 1711 598 1795 quibus
614 1714 668 1776 aut
684 1711 802 1775 femina
818 1710 903 1793 loqui
918 1708 1042 1774 videtur
1058 1711 1113 1774 aut
1127 1712 1218 1792 poeta

148 1817 298 1882 feminam
328 1818 473 1901 appellat.
521 1818 712 1883 Mulieresne
748 1819 843 1882 etiam
874 1816 974 1900 epulis
1005 1817 1037 1879 et
1068 1816 1219 1883 conviviis

148 1926 326 1991 interfuisse
358 1921 545 1987 eredendum
575 1925 644 1987 est?
700 1923 831 1986 Minime
863 1921 1036 1986 inauditum
1067 1923 1126 1987 hoc
1159 1921 1219 1986 fuit

149 2031 241 2096 tertio
265 2029 315 2095 vel
338 2029 449 2111 quarto
473 2027 605 2107 saeculo,
628 2027 660 2091 id
676 2026 757 2110 quod
774 2029 883 2093 cornici
898 2047 955 2092 nos
971 2027 1112 2103 edocent.
1133 2028 1219 2093 velut

148 2134 286 2217 legimus
316 2134 396 2218 apud
421 2135 617 2199 Athenaeum
640 2134 670 2198 X
692 2153 723 2216 p.
739 2134 829 2202 4511>
854 2133 992 2217 Δίφιλος
1015 2130 1042 2197 δ’
1064 2131 1097 2197 ἐν
1126 2141 1219 2220 Θησεῖ

150 2251 236 2325 τρεῖς
260 2261 340 2303 ποτε
362 2239 458 2323 κόρας
474 2243 600 2321 Σαμίας
622 2240 719 2326 (μησὶν
733 2235 927 2304 Ἀδωνίοισιν
950 2238 1112 2324 γριφεύειν
1128 2240 1218 2324 νεαροὶ

149 2344 263 2410 πότον.
312 2347 506 2424 Vocabantnr
537 2351 642 2413 autern
666 2344 800 2431 ἑταῖραι,
833 2347 936 2430 idque,
969 2350 1005 2411 ut
1033 2349 1151 2430 opinor,
1183 2367 1220 2412 ex

150 2452 297 2536 analogia
320 2453 386 2517 eius
408 2453 628 2535 appellationis
651 2473 711 2537 qua
733 2454 930 2519 oombibones
945 2450 1065 2535 ἑταῖροι
1081 2453 1220 2537 appella-

149 2560 272 2624 bantur.
313 2559 380 2624 Uua
405 2559 488 2623 enim
510 2579 581 2624 cum
603 2561 653 2624 his
673 2580 691 2625 a
708 2548 837 2625 Platone
854 2560 1077 2637 memorantur,
1101 2580 1172 2624 cum
1186 2561 1220 2625 in

149 2665 328 2748 Republica
344 2665 418 2750 (VII
441 2685 470 2748 p.
486 2669 589 2745 5880)
613 2668 724 2731 scribit
746 2660 843 2742 αότός
866 2665 977 2729 τεκαὶ
1001 2664 1031 2729 οἱ
1056 2662 1219 2746 συμπόται

150 2771 254 2834 τεκαὶ
270 2769 390 2858 ἑταῖροι
408 2772 463 2834 καὶ
478 2769 614 2855 ἑταῖραι.
640 2772 851 2855 Compotrices
866 2772 966 2853 igitur
981 2773 1026 2836 ibi
1043 2771 1219 2855 intellegas.

151 2878 237 2957 Quas
260 2898 331 2954 cum
352 2897 462 2944 uxores
486 2898 548 2942 non
570 2879 666 2942 fuisse
691 2881 933 2943 consentaneum
954 2879 1006 2954 sit,
1030 2898 1091 2944 non
1106 2879 1221 2941 mirum

151 2986 211 3061 est,
235 2984 316 3069 quod
338 2985 372 3049 in
395 3004 517 3050 merum
540 3004 664 3049 sensum
688 2986 861 3050 meretricis
884 2986 992 3066 postea
1009 3004 1045 3048 ea
1062 3003 1117 3049 vor
1134 2984 1219 3048 abiit.

152 3089 214 3156 Sed
229 3090 387 3156 videamus
404 3093 505 3174 ipsam
521 3093 659 3156 nostram
682 3091 835 3174 syllogenl
861 3092 907 3153 De
931 3089 1055 3153 feminis
1079 3108 1167 3172 quae,
1192 3082 1220 3153 si

152 3217 214 3280 non
225 3199 258 3262 in
270 3199 336 3281 ipso
347 3199 499 3274 convivio,
513 3201 546 3262 at
555 3200 638 3262 certe
649 3199 730 3261 inter
739 3197 987 3261 commissatores
997 3196 1142 3259 affuerint
1150 3213 1221 3257 eum

153 3305 342 3388 cognovisse
370 3325 430 3370 non
454 3306 617 3388 negaveris
645 3305 697 3387 qui
721 3323 769 3368 vv.
798 3305 970 3371 roua-68
997 3303 1044 3367 ita
1067 3300 1220 3384 loquitur:

243 3405 296 3474 Ἔν
319 3405 347 3473 δ’
363 3405 424 3497 ἥβῃ
447 3408 539 3492 πάρα
562 3409 619 3490 μὲν
642 3405 849 3495 ξδν-ὁμήλικι
871 3408 931 3471 καί
955 3404 1024 3471 λῖθ’
1050 3403 1160 3480 εὕδειν.

223 3587 224 3591 ¹
289 3514 423 3600 ἱμερτιῖιν
444 3515 543 3600 ἔργων
565 3514 598 3595 ἐξ
621 3513 690 3600 ἔρον
714 3514 845 3596 ἱέμενον,
1019 3505 1021 3508 ’

244 3621 312 3686 ἔστι
335 3622 368 3686 δὲ
391 3621 579 3704 κωμάζοντα
601 3617 670 3704 μετ’
694 3617 868 3708 αὐλητῆρος
890 3617 1022 3686 ἀείδειν.

289 3728 411 3793 τούτων
433 3724 524 3792 οὐδέν
546 3752 596 3792 τοι
619 3725 690 3792 ἄλλ’
715 3728 771 3792 ἔτι
794 3726 1000 3814 τερπνότερον
1069 3769 1071 3772 -

245 3832 399 3921 ἀνδράσιν
421 3831 477 3921 ἠδὲ
500 3839 634 3918 γυναιξί.
727 3832 730 3838 ’

155 3941 433 4009 Commissantium
457 3943 566 4007 deinde
590 3945 621 4007 in
645 3942 772 4024 agmine
796 3940 929 4005 feminas
949 3939 1045 4002 fuisse
1062 3954 1223 4020 agnoscas,

155 4067 224 4113 oum
256 4049 441 4113 Plutarchus
472 4049 580 4113 scribit
611 4045 897 4128 Mora1.p.596d:
928 4040 1111 4123 μεθύοντας
1141 4034 1225 4103 οἷσο-

153 4151 348 4235 μιμούμενοι
371 4152 466 4236 κιόμιμ
489 4158 669 4238 χρωμένους
690 4149 772 4232 μετὰ
795 4157 960 4233 γυναικῶν.
