<?xml version="1.0" encoding="UTF-8"?>
<!DOCTYPE html PUBLIC "-//W3C//DTD XHTML 1.0 Transitional//EN"
    "http://www.w3.org/TR/xhtml1/DTD/xhtml1-transitional.dtd">
<html xmlns="http://www.w3.org/1999/xhtml" xml:lang="en" lang="en">
 <head>
  <title>
</title>
<meta http-equiv="Content-Type" content="text/html;charset=utf-8" />
  <meta name='ocr-system' content='tesseract 3.04.00' />
  <meta name='ocr-capabilities' content='ocr_page ocr_carea ocr_par ocr_line ocrx_word'/>
</head>
<body>
  <div class='ocr_page' id='page_1' title='image "./exusuconvivalit00wendgoog_0026.png"; bbox 0 0 2934 4882; ppageno 0'>
   <div class='ocr_carea' id='block_1_1' title="bbox 463 499 1263 570">
    <p class='ocr_par' dir='ltr' id='par_1_1' title="bbox 463 499 1263 570">
     <span class='ocr_line' id='line_1_1' title="bbox 463 499 1263 570; baseline 0.006 -18"><span class='ocrx_word' id='word_1_1' title='bbox 463 500 479 566; x_wconf 64' lang='grc' dir='ltr'>ξ</span> <span class='ocrx_word' id='word_1_2' title='bbox 498 499 524 554; x_wconf 82' lang='lat' dir='ltr'><strong>d.</strong></span> <span class='ocrx_word' id='word_1_3' title='bbox 552 499 693 554; x_wconf 84' lang='lat' dir='ltr'><strong>Stasiotici</strong></span> <span class='ocrx_word' id='word_1_4' title='bbox 712 506 741 554; x_wconf 91' lang='lat' dir='ltr'><strong>et</strong></span> <span class='ocrx_word' id='word_1_5' title='bbox 759 500 882 555; x_wconf 79' lang='lat' dir='ltr'><strong>sodalicii</strong></span> <span class='ocrx_word' id='word_1_6' title='bbox 900 516 1002 557; x_wconf 86' lang='lat' dir='ltr'><strong>versus.</strong></span> <span class='ocrx_word' id='word_1_7' title='bbox 1222 507 1263 570; x_wconf 86' lang='lat'><strong>19</strong></span> 
     </span>
    </p>
   </div>
   <div class='ocr_carea' id='block_1_2' title="bbox 194 676 1266 2453">
    <p class='ocr_par' dir='ltr' id='par_1_2' title="bbox 194 676 1266 2453">
     <span class='ocr_line' id='line_1_2' title="bbox 197 676 1265 760; baseline 0.007 -21"><span class='ocrx_word' id='word_1_8' title='bbox 197 676 263 740; x_wconf 88' lang='lat' dir='ltr'><strong>Nec</strong></span> <span class='ocrx_word' id='word_1_9' title='bbox 291 694 353 740; x_wconf 92' lang='lat' dir='ltr'><strong>non</strong></span> <span class='ocrx_word' id='word_1_10' title='bbox 385 677 543 760; x_wconf 79' lang='lat' dir='ltr'><strong>tyrannidi</strong></span> <span class='ocrx_word' id='word_1_11' title='bbox 574 678 636 744; x_wconf 86' lang='lat' dir='ltr'><strong>ista</strong></span> <span class='ocrx_word' id='word_1_12' title='bbox 659 678 755 744; x_wconf 92' lang='lat' dir='ltr'><strong>scolia</strong></span> <span class='ocrx_word' id='word_1_13' title='bbox 778 681 873 745; x_wconf 89' lang='lat' dir='ltr'><strong>etiam</strong></span> <span class='ocrx_word' id='word_1_14' title='bbox 896 680 1105 745; x_wconf 75' lang='lat' dir='ltr'><strong>adversantur.</strong></span> <span class='ocrx_word' id='word_1_15' title='bbox 1153 679 1265 746; x_wconf 85' lang='lat' dir='ltr'><strong>Sooliis</strong></span> 
     </span>
     <span class='ocr_line' id='line_1_3' title="bbox 197 780 1264 870; baseline 0.009 -28"><span class='ocrx_word' id='word_1_16' title='bbox 197 780 356 855; x_wconf 88' lang='lat' dir='ltr'><strong>enim10‚</strong></span> <span class='ocrx_word' id='word_1_17' title='bbox 383 786 434 858; x_wconf 90' lang='lat' dir='ltr'><strong>ll,</strong></span> <span class='ocrx_word' id='word_1_18' title='bbox 461 784 512 858; x_wconf 83' lang='lat'><strong>12,</strong></span> <span class='ocrx_word' id='word_1_19' title='bbox 538 785 579 851; x_wconf 88' lang='lat'><strong>13</strong></span> <span class='ocrx_word' id='word_1_20' title='bbox 603 783 791 849; x_wconf 83' lang='lat' dir='ltr'><strong>Harmodius</strong></span> <span class='ocrx_word' id='word_1_21' title='bbox 826 786 858 850; x_wconf 92' lang='lat' dir='ltr'><strong>et</strong></span> <span class='ocrx_word' id='word_1_22' title='bbox 880 785 1066 868; x_wconf 86' lang='lat' dir='ltr'><strong>Aristogito,</strong></span> <span class='ocrx_word' id='word_1_23' title='bbox 1102 805 1121 851; x_wconf 93' lang='lat' dir='ltr'><strong>a</strong></span> <span class='ocrx_word' id='word_1_24' title='bbox 1154 787 1264 870; x_wconf 90' lang='lat' dir='ltr'><strong>quibus</strong></span> 
     </span>
     <span class='ocr_line' id='line_1_4' title="bbox 196 886 1264 972; baseline 0.007 -23"><span class='ocrx_word' id='word_1_25' title='bbox 196 886 393 969; x_wconf 79' lang='lat' dir='ltr'><strong>Hipparchus</strong></span> <span class='ocrx_word' id='word_1_26' title='bbox 408 887 542 971; x_wconf 90' lang='lat' dir='ltr'><strong>Hippiae</strong></span> <span class='ocrx_word' id='word_1_27' title='bbox 566 891 691 972; x_wconf 82' lang='lat' dir='ltr'><strong>tyranni</strong></span> <span class='ocrx_word' id='word_1_28' title='bbox 715 889 812 955; x_wconf 91' lang='lat' dir='ltr'><strong>frater</strong></span> <span class='ocrx_word' id='word_1_29' title='bbox 835 892 953 957; x_wconf 90' lang='lat' dir='ltr'><strong>occisus</strong></span> <span class='ocrx_word' id='word_1_30' title='bbox 976 895 1054 968; x_wconf 88' lang='lat' dir='ltr'><strong>erat,</strong></span> <span class='ocrx_word' id='word_1_31' title='bbox 1078 893 1209 959; x_wconf 90' lang='lat' dir='ltr'><strong>summis</strong></span> <span class='ocrx_word' id='word_1_32' title='bbox 1225 893 1264 959; x_wconf 94' lang='lat' dir='ltr'><strong>ob</strong></span> 
     </span>
     <span class='ocr_line' id='line_1_5' title="bbox 197 991 1264 1081; baseline 0.007 -26"><span class='ocrx_word' id='word_1_33' title='bbox 197 1009 265 1057; x_wconf 89' lang='lat' dir='ltr'><strong>earn</strong></span> <span class='ocrx_word' id='word_1_34' title='bbox 288 1011 356 1056; x_wconf 90' lang='lat' dir='ltr'><strong>rem</strong></span> <span class='ocrx_word' id='word_1_35' title='bbox 378 991 523 1058; x_wconf 87' lang='lat' dir='ltr'><strong>laudibus</strong></span> <span class='ocrx_word' id='word_1_36' title='bbox 539 995 720 1077; x_wconf 89' lang='lat' dir='ltr'><strong>efferuntur,</strong></span> <span class='ocrx_word' id='word_1_37' title='bbox 744 998 776 1061; x_wconf 91' lang='lat' dir='ltr'><strong>et</strong></span> <span class='ocrx_word' id='word_1_38' title='bbox 792 995 887 1062; x_wconf 91' lang='lat' dir='ltr'><strong>scolio</strong></span> <span class='ocrx_word' id='word_1_39' title='bbox 905 999 947 1064; x_wconf 83' lang='lat'><strong>24</strong></span> <span class='ocrx_word' id='word_1_40' title='bbox 963 998 1077 1062; x_wconf 90' lang='lat' dir='ltr'><strong>mortui</strong></span> <span class='ocrx_word' id='word_1_41' title='bbox 1093 997 1143 1062; x_wconf 93' lang='lat' dir='ltr'><strong>illi</strong></span> <span class='ocrx_word' id='word_1_42' title='bbox 1159 998 1264 1081; x_wconf 91' lang='lat' dir='ltr'><strong>deplo-</strong></span> 
     </span>
     <span class='ocr_line' id='line_1_6' title="bbox 196 1098 1263 1183; baseline 0.006 -20"><span class='ocrx_word' id='word_1_43' title='bbox 196 1101 303 1163; x_wconf 89' lang='lat' dir='ltr'><strong>rantur</strong></span> <span class='ocrx_word' id='word_1_44' title='bbox 326 1100 378 1182; x_wconf 89' lang='lat' dir='ltr'><strong>qui</strong></span> <span class='ocrx_word' id='word_1_45' title='bbox 401 1098 482 1182; x_wconf 90' lang='lat' dir='ltr'><strong>apud</strong></span> <span class='ocrx_word' id='word_1_46' title='bbox 499 1099 696 1183; x_wconf 85' lang='lat' dir='ltr'><strong>Lipsydrium</strong></span> <span class='ocrx_word' id='word_1_47' title='bbox 712 1101 794 1166; x_wconf 89' lang='lat' dir='ltr'><strong>malo</strong></span> <span class='ocrx_word' id='word_1_48' title='bbox 810 1107 923 1167; x_wconf 87' lang='lat' dir='ltr'><strong>eventu</strong></span> <span class='ocrx_word' id='word_1_49' title='bbox 938 1104 1046 1167; x_wconf 89' lang='lat' dir='ltr'><strong>contra</strong></span> <span class='ocrx_word' id='word_1_50' title='bbox 1062 1103 1263 1169; x_wconf 88' lang='lat' dir='ltr'><strong>Pisistratum</strong></span> 
     </span>
     <span class='ocr_line' id='line_1_7' title="bbox 194 1205 1264 1292; baseline 0.004 -22"><span class='ocrx_word' id='word_1_51' title='bbox 194 1208 411 1291; x_wconf 84' lang='lat' dir='ltr'><strong>pugnaverant</strong></span> <span class='ocrx_word' id='word_1_52' title='bbox 445 1205 537 1292; x_wconf 87' lang='lat' dir='ltr'><strong>(conf.</strong></span> <span class='ocrx_word' id='word_1_53' title='bbox 556 1207 659 1290; x_wconf 80' lang='lat' dir='ltr'><strong>lltym.</strong></span> <span class='ocrx_word' id='word_1_54' title='bbox 676 1208 720 1272; x_wconf 91' lang='lat' dir='ltr'><strong>M.</strong></span> <span class='ocrx_word' id='word_1_55' title='bbox 738 1209 813 1279; x_wconf 85' lang='grc'><strong>361.</strong></span> <span class='ocrx_word' id='word_1_56' title='bbox 827 1209 896 1287; x_wconf 84' lang='grc'><strong>31),</strong></span> <span class='ocrx_word' id='word_1_57' title='bbox 932 1227 1008 1291; x_wconf 88' lang='lat' dir='ltr'><strong>quos</strong></span> <span class='ocrx_word' id='word_1_58' title='bbox 1038 1209 1121 1291; x_wconf 92' lang='lat' dir='ltr'><strong>ipsos</strong></span> <span class='ocrx_word' id='word_1_59' title='bbox 1144 1209 1264 1275; x_wconf 87' lang='lat' dir='ltr'><strong>nobiles</strong></span> 
     </span>
     <span class='ocr_line' id='line_1_8' title="bbox 198 1305 1263 1396; baseline 0.004 -21"><span class='ocrx_word' id='word_1_60' title='bbox 198 1311 292 1376; x_wconf 87' lang='lat' dir='ltr'><strong>fuisse</strong></span> <span class='ocrx_word' id='word_1_61' title='bbox 327 1313 543 1394; x_wconf 78' lang='lat' dir='ltr'><strong>comperimus,</strong></span> <span class='ocrx_word' id='word_1_62' title='bbox 578 1331 649 1377; x_wconf 91' lang='lat' dir='ltr'><strong>cum</strong></span> <span class='ocrx_word' id='word_1_63' title='bbox 672 1305 867 1396; x_wconf 75' lang='grc' dir='ltr'><em>εὐπατρίδαι</em></span> <span class='ocrx_word' id='word_1_64' title='bbox 890 1316 1048 1380; x_wconf 89' lang='lat' dir='ltr'><strong>vocentur.</strong></span> <span class='ocrx_word' id='word_1_65' title='bbox 1096 1313 1263 1379; x_wconf 79' lang='lat' dir='ltr'><strong>Videamus</strong></span> 
     </span>
     <span class='ocr_line' id='line_1_9' title="bbox 197 1417 1263 1502; baseline 0.002 -20"><span class='ocrx_word' id='word_1_66' title='bbox 197 1437 278 1482; x_wconf 87' lang='lat' dir='ltr'><strong>nuuc</strong></span> <span class='ocrx_word' id='word_1_67' title='bbox 301 1421 439 1483; x_wconf 87' lang='lat' dir='ltr'><strong>nostram</strong></span> <span class='ocrx_word' id='word_1_68' title='bbox 463 1417 618 1501; x_wconf 86' lang='lat' dir='ltr'><strong>syllogeni</strong></span> <span class='ocrx_word' id='word_1_69' title='bbox 659 1418 865 1484; x_wconf 81' lang='lat' dir='ltr'><strong>Coniunctum</strong></span> <span class='ocrx_word' id='word_1_70' title='bbox 888 1418 932 1483; x_wconf 90' lang='lat' dir='ltr'><strong>ibi</strong></span> <span class='ocrx_word' id='word_1_71' title='bbox 956 1436 1075 1501; x_wconf 88' lang='lat' dir='ltr'><strong>quoquc</strong></span> <span class='ocrx_word' id='word_1_72' title='bbox 1091 1420 1263 1502; x_wconf 79' lang='lat' dir='ltr'><strong>tyrannidis</strong></span> 
     </span>
     <span class='ocr_line' id='line_1_10' title="bbox 197 1520 1266 1604; baseline -0.002 -15"><span class='ocrx_word' id='word_1_73' title='bbox 197 1524 301 1589; x_wconf 90' lang='lat' dir='ltr'><strong>odium</strong></span> <span class='ocrx_word' id='word_1_74' title='bbox 324 1524 500 1588; x_wconf 88' lang='lat' dir='ltr'><strong>invenimus</strong></span> <span class='ocrx_word' id='word_1_75' title='bbox 524 1542 594 1586; x_wconf 90' lang='lat' dir='ltr'><strong>cum</strong></span> <span class='ocrx_word' id='word_1_76' title='bbox 617 1521 766 1588; x_wconf 88' lang='lat' dir='ltr'><strong>nobilium</strong></span> <span class='ocrx_word' id='word_1_77' title='bbox 789 1522 926 1604; x_wconf 89' lang='lat' dir='ltr'><strong>partium</strong></span> <span class='ocrx_word' id='word_1_78' title='bbox 943 1520 1130 1590; x_wconf 83' lang='lat' dir='ltr'><strong>defensione.</strong></span> <span class='ocrx_word' id='word_1_79' title='bbox 1170 1523 1266 1588; x_wconf 88' lang='lat' dir='ltr'><strong>Velut</strong></span> 
     </span>
     <span class='ocr_line' id='line_1_11' title="bbox 198 1624 1264 1710; baseline 0.003 -19"><span class='ocrx_word' id='word_1_80' title='bbox 198 1629 356 1710; x_wconf 82' lang='lat' dir='ltr'><strong>Theognis</strong></span> <span class='ocrx_word' id='word_1_81' title='bbox 379 1646 428 1692; x_wconf 93' lang='lat' dir='ltr'><strong>vv.</strong></span> <span class='ocrx_word' id='word_1_82' title='bbox 447 1624 587 1694; x_wconf 84' lang='lat'>39-42</span> <span class='ocrx_word' id='word_1_83' title='bbox 622 1627 746 1704; x_wconf 90' lang='lat' dir='ltr'><strong>metuit,</strong></span> <span class='ocrx_word' id='word_1_84' title='bbox 781 1645 820 1690; x_wconf 92' lang='lat' dir='ltr'><strong>ne</strong></span> <span class='ocrx_word' id='word_1_85' title='bbox 855 1629 1004 1710; x_wconf 88' lang='lat' dir='ltr'><strong>tyrannus</strong></span> <span class='ocrx_word' id='word_1_86' title='bbox 1039 1628 1218 1710; x_wconf 58' lang='lat' dir='ltr'><strong>agravida&#39;</strong></span> <span class='ocrx_word' id='word_1_87' title='bbox 1231 1647 1264 1695; x_wconf 87' lang='lat' dir='ltr'><strong>re</strong></span> 
     </span>
     <span class='ocr_line' id='line_1_12' title="bbox 198 1729 1264 1818; baseline -0.002 -20"><span class='ocrx_word' id='word_1_88' title='bbox 198 1733 322 1818; x_wconf 88' lang='lat' dir='ltr'><strong>publica</strong></span> <span class='ocrx_word' id='word_1_89' title='bbox 344 1734 532 1816; x_wconf 89' lang='lat' dir='ltr'><strong>procreetur,</strong></span> <span class='ocrx_word' id='word_1_90' title='bbox 557 1752 628 1797; x_wconf 92' lang='lat' dir='ltr'><strong>cum</strong></span> <span class='ocrx_word' id='word_1_91' title='bbox 652 1733 795 1798; x_wconf 72' lang='grc'><strong>11152</strong></span> <span class='ocrx_word' id='word_1_92' title='bbox 820 1729 1017 1814; x_wconf 86' lang='lat' dir='ltr'><strong>tyrannidem</strong></span> <span class='ocrx_word' id='word_1_93' title='bbox 1040 1732 1079 1795; x_wconf 88' lang='lat' dir='ltr'><strong>ab</strong></span> <span class='ocrx_word' id='word_1_94' title='bbox 1103 1751 1140 1796; x_wconf 88' lang='lat' dir='ltr'><strong>ea</strong></span> <span class='ocrx_word' id='word_1_95' title='bbox 1156 1732 1264 1815; x_wconf 91' lang='lat' dir='ltr'><strong>depre-</strong></span> 
     </span>
     <span class='ocr_line' id='line_1_13' title="bbox 198 1836 1263 1921; baseline -0.002 -17"><span class='ocrx_word' id='word_1_96' title='bbox 198 1841 295 1916; x_wconf 88' lang='lat' dir='ltr'><strong>cetur,</strong></span> <span class='ocrx_word' id='word_1_97' title='bbox 327 1838 382 1902; x_wconf 90' lang='lat' dir='ltr'><strong>ubi</strong></span> <span class='ocrx_word' id='word_1_98' title='bbox 413 1837 446 1900; x_wconf 91' lang='lat' dir='ltr'><strong>iu</strong></span> <span class='ocrx_word' id='word_1_99' title='bbox 477 1836 732 1901; x_wconf 84' lang='lat' dir='ltr'><strong>antecedentibus</strong></span> <span class='ocrx_word' id='word_1_100' title='bbox 755 1837 843 1901; x_wconf 90' lang='lat' dir='ltr'><strong>bonis</strong></span> <span class='ocrx_word' id='word_1_101' title='bbox 866 1837 897 1900; x_wconf 89' lang='lat' dir='ltr'><strong>h.</strong></span> <span class='ocrx_word' id='word_1_102' title='bbox 915 1855 941 1900; x_wconf 90' lang='lat' dir='ltr'><strong>e.</strong></span> <span class='ocrx_word' id='word_1_103' title='bbox 966 1836 1122 1902; x_wconf 87' lang='lat' dir='ltr'><strong>nobilibus</strong></span> <span class='ocrx_word' id='word_1_104' title='bbox 1145 1836 1263 1921; x_wconf 87' lang='lat' dir='ltr'><strong>aliquid</strong></span> 
     </span>
     <span class='ocr_line' id='line_1_14' title="bbox 197 1940 1263 2029; baseline -0.002 -19"><span class='ocrx_word' id='word_1_105' title='bbox 197 1946 333 2029; x_wconf 84' lang='lat' dir='ltr'><strong>praecipi</strong></span> <span class='ocrx_word' id='word_1_106' title='bbox 357 1945 489 2019; x_wconf 88' lang='lat' dir='ltr'><strong>videtur,</strong></span> <span class='ocrx_word' id='word_1_107' title='bbox 514 1942 680 2006; x_wconf 89' lang='lat' dir='ltr'><strong>definiente</strong></span> <span class='ocrx_word' id='word_1_108' title='bbox 703 1944 795 2024; x_wconf 79' lang='lat' dir='ltr'><strong>poeta</strong></span> <span class='ocrx_word' id='word_1_109' title='bbox 819 1940 926 2025; x_wconf 87' lang='lat' dir='ltr'><strong>quales</strong></span> <span class='ocrx_word' id='word_1_110' title='bbox 949 1960 1010 2006; x_wconf 90' lang='lat' dir='ltr'><strong>uon</strong></span> <span class='ocrx_word' id='word_1_111' title='bbox 1033 1941 1165 2008; x_wconf 90' lang='lat' dir='ltr'><strong>debcant</strong></span> <span class='ocrx_word' id='word_1_112' title='bbox 1187 1963 1263 2008; x_wconf 87' lang='lat' dir='ltr'><strong>csse.</strong></span> 
     </span>
     <span class='ocr_line' id='line_1_15' title="bbox 198 2048 1263 2134; baseline 0 -16"><span class='ocrx_word' id='word_1_113' title='bbox 198 2054 347 2118; x_wconf 85' lang='lat' dir='ltr'><strong>Taedium</strong></span> <span class='ocrx_word' id='word_1_114' title='bbox 359 2050 533 2134; x_wconf 89' lang='lat' dir='ltr'><strong>tyrannidis</strong></span> <span class='ocrx_word' id='word_1_115' title='bbox 546 2048 654 2113; x_wconf 89' lang='lat' dir='ltr'><strong>deinde</strong></span> <span class='ocrx_word' id='word_1_116' title='bbox 662 2066 709 2112; x_wconf 89' lang='lat' dir='ltr'><strong>vv.</strong></span> <span class='ocrx_word' id='word_1_117' title='bbox 717 2049 881 2123; x_wconf 73' lang='lat' dir='ltr'><strong>sae-24,</strong></span> <span class='ocrx_word' id='word_1_118' title='bbox 894 2050 1263 2125; x_wconf 80' lang='lat'>1181-82‚1203-06</span> 
     </span>
     <span class='ocr_line' id='line_1_16' title="bbox 198 2152 1263 2240; baseline -0.008 -14"><span class='ocrx_word' id='word_1_119' title='bbox 198 2159 375 2236; x_wconf 88' lang='lat' dir='ltr'><strong>ostendunt,</strong></span> <span class='ocrx_word' id='word_1_120' title='bbox 399 2178 417 2222; x_wconf 89' lang='lat' dir='ltr'><strong>a</strong></span> <span class='ocrx_word' id='word_1_121' title='bbox 441 2157 551 2240; x_wconf 90' lang='lat' dir='ltr'><strong>quibus</strong></span> <span class='ocrx_word' id='word_1_122' title='bbox 567 2153 661 2236; x_wconf 82' lang='lat' dir='ltr'><strong>eyrni</strong></span> <span class='ocrx_word' id='word_1_123' title='bbox 684 2169 797 2215; x_wconf 88' lang='lat' dir='ltr'><strong>nomon</strong></span> <span class='ocrx_word' id='word_1_124' title='bbox 821 2152 918 2219; x_wconf 87' lang='lat' dir='ltr'><strong>abest.</strong></span> <span class='ocrx_word' id='word_1_125' title='bbox 955 2152 1038 2230; x_wconf 77' lang='lat' dir='ltr'><strong>Quos</strong></span> <span class='ocrx_word' id='word_1_126' title='bbox 1062 2173 1168 2219; x_wconf 90' lang='lat' dir='ltr'><strong>omnes</strong></span> <span class='ocrx_word' id='word_1_127' title='bbox 1191 2173 1263 2220; x_wconf 91' lang='lat' dir='ltr'><strong>con-</strong></span> 
     </span>
     <span class='ocr_line' id='line_1_17' title="bbox 197 2254 1264 2331; baseline -0.006 -2"><span class='ocrx_word' id='word_1_128' title='bbox 197 2263 294 2329; x_wconf 90' lang='lat' dir='ltr'><strong>vivali</strong></span> <span class='ocrx_word' id='word_1_129' title='bbox 328 2263 398 2327; x_wconf 90' lang='lat' dir='ltr'><strong>usui</strong></span> <span class='ocrx_word' id='word_1_130' title='bbox 432 2256 668 2331; x_wconf 87' lang='lat' dir='ltr'><strong>vindicabimus,</strong></span> <span class='ocrx_word' id='word_1_131' title='bbox 703 2254 935 2319; x_wconf 86' lang='lat' dir='ltr'><strong>stasiotioorum</strong></span> <span class='ocrx_word' id='word_1_132' title='bbox 971 2256 1095 2321; x_wconf 89' lang='lat' dir='ltr'><strong>nomine</strong></span> <span class='ocrx_word' id='word_1_133' title='bbox 1131 2260 1164 2321; x_wconf 87' lang='lat' dir='ltr'><strong>et</strong></span> <span class='ocrx_word' id='word_1_134' title='bbox 1192 2258 1264 2323; x_wconf 90' lang='lat' dir='ltr'><strong>illos</strong></span> 
     </span>
     <span class='ocr_line' id='line_1_18' title="bbox 198 2360 1264 2453; baseline -0.007 -17"><span class='ocrx_word' id='word_1_135' title='bbox 198 2366 501 2453; x_wconf 88' lang='lat' dir='ltr'><strong>comprehendentes.</strong></span> <span class='ocrx_word' id='word_1_136' title='bbox 540 2363 647 2444; x_wconf 87' lang='lat' dir='ltr'><strong>Neque</strong></span> <span class='ocrx_word' id='word_1_137' title='bbox 671 2360 848 2424; x_wconf 89' lang='lat' dir='ltr'><strong>dubitamus</strong></span> <span class='ocrx_word' id='word_1_138' title='bbox 872 2380 920 2424; x_wconf 89' lang='lat' dir='ltr'><strong>vv.</strong></span> <span class='ocrx_word' id='word_1_139' title='bbox 937 2363 1091 2430; x_wconf 76' lang='lat'>847-50</span> <span class='ocrx_word' id='word_1_140' title='bbox 1113 2364 1154 2426; x_wconf 90' lang='lat' dir='ltr'><strong>iis</strong></span> <span class='ocrx_word' id='word_1_141' title='bbox 1173 2365 1264 2429; x_wconf 90' lang='lat' dir='ltr'><strong>attri-</strong></span> 
     </span>
    </p>
   </div>
   <div class='ocr_carea' id='block_1_3' title="bbox 198 2463 1267 2754">
    <p class='ocr_par' dir='ltr' id='par_1_3' title="bbox 198 2463 1267 2754">
     <span class='ocr_line' id='line_1_19' title="bbox 199 2463 1264 2557; baseline -0.011 -15"><span class='ocrx_word' id='word_1_142' title='bbox 199 2478 302 2551; x_wconf 88' lang='lat' dir='ltr'><strong>buere,</strong></span> <span class='ocrx_word' id='word_1_143' title='bbox 319 2476 351 2539; x_wconf 94' lang='lat' dir='ltr'><strong>in</strong></span> <span class='ocrx_word' id='word_1_144' title='bbox 367 2472 478 2557; x_wconf 88' lang='lat' dir='ltr'><strong>quibus</strong></span> <span class='ocrx_word' id='word_1_145' title='bbox 494 2467 625 2554; x_wconf 89' lang='lat' dir='ltr'><strong>populus</strong></span> <span class='ocrx_word' id='word_1_146' title='bbox 640 2463 818 2548; x_wconf 82' lang='grc' dir='ltr'><em>κειεόφρων</em></span> <span class='ocrx_word' id='word_1_147' title='bbox 832 2468 960 2531; x_wconf 91' lang='lat' dir='ltr'><strong>vocatur</strong></span> <span class='ocrx_word' id='word_1_148' title='bbox 976 2468 1008 2529; x_wconf 91' lang='lat' dir='ltr'><strong>et</strong></span> <span class='ocrx_word' id='word_1_149' title='bbox 1023 2464 1264 2549; x_wconf 75' lang='grc' dir='ltr'><em>φιλοδέσποτος,</em></span> 
     </span>
     <span class='ocr_line' id='line_1_20' title="bbox 199 2573 1267 2666; baseline -0.005 -20"><span class='ocrx_word' id='word_1_150' title='bbox 199 2581 293 2646; x_wconf 83' lang='grc' dir='ltr'><strong>Β1111</strong></span> <span class='ocrx_word' id='word_1_151' title='bbox 317 2578 414 2643; x_wconf 89' lang='lat' dir='ltr'><strong>etiam</strong></span> <span class='ocrx_word' id='word_1_152' title='bbox 437 2576 544 2666; x_wconf 88' lang='lat' dir='ltr'><strong>favent</strong></span> <span class='ocrx_word' id='word_1_153' title='bbox 566 2578 598 2641; x_wconf 92' lang='lat' dir='ltr'><strong>et</strong></span> <span class='ocrx_word' id='word_1_154' title='bbox 620 2574 714 2640; x_wconf 92' lang='lat' dir='ltr'><strong>simul</strong></span> <span class='ocrx_word' id='word_1_155' title='bbox 735 2573 934 2656; x_wconf 81' lang='lat' dir='ltr'><strong>Cypselidum</strong></span> <span class='ocrx_word' id='word_1_156' title='bbox 956 2593 1055 2658; x_wconf 86' lang='lat' dir='ltr'><strong>genus</strong></span> <span class='ocrx_word' id='word_1_157' title='bbox 1072 2574 1267 2641; x_wconf 89' lang='lat' dir='ltr'><strong>detestantur</strong></span> 
     </span>
     <span class='ocr_line' id='line_1_21' title="bbox 198 2687 429 2754; baseline -0.017 -1"><span class='ocrx_word' id='word_1_158' title='bbox 198 2707 247 2753; x_wconf 93' lang='lat' dir='ltr'><strong>vv.</strong></span> <span class='ocrx_word' id='word_1_159' title='bbox 265 2687 429 2754; x_wconf 73' lang='lat' dir='ltr'><strong>ser-94.</strong></span> 
     </span>
    </p>
   </div>
   <div class='ocr_carea' id='block_1_4' title="bbox 550 2872 923 2964">
    <p class='ocr_par' dir='ltr' id='par_1_4' title="bbox 550 2872 923 2964">
     <span class='ocr_line' id='line_1_22' title="bbox 550 2872 923 2964; baseline -0.021 -19"><span class='ocrx_word' id='word_1_160' title='bbox 550 2877 747 2964; x_wconf 86' lang='lat' dir='ltr'><strong>(Sodalicii</strong></span> <span class='ocrx_word' id='word_1_161' title='bbox 770 2872 923 2958; x_wconf 88' lang='lat' dir='ltr'><strong>versus.)</strong></span> 
     </span>
    </p>
   </div>
   <div class='ocr_carea' id='block_1_5' title="bbox 199 3015 1268 4157">
    <p class='ocr_par' dir='ltr' id='par_1_5' title="bbox 199 3015 1267 3420">
     <span class='ocr_line' id='line_1_23' title="bbox 290 3015 1266 3099; baseline -0.003 -14"><span class='ocrx_word' id='word_1_162' title='bbox 290 3020 449 3085; x_wconf 87' lang='lat' dir='ltr'><strong>Occultius</strong></span> <span class='ocrx_word' id='word_1_163' title='bbox 485 3019 593 3085; x_wconf 89' lang='lat' dir='ltr'><strong>deinde</strong></span> <span class='ocrx_word' id='word_1_164' title='bbox 628 3019 682 3084; x_wconf 90' lang='lat' dir='ltr'><strong>alii</strong></span> <span class='ocrx_word' id='word_1_165' title='bbox 716 3036 823 3082; x_wconf 89' lang='lat' dir='ltr'><strong>versus</strong></span> <span class='ocrx_word' id='word_1_166' title='bbox 858 3015 939 3081; x_wconf 90' lang='lat' dir='ltr'><strong>baud</strong></span> <span class='ocrx_word' id='word_1_167' title='bbox 972 3017 1065 3099; x_wconf 89' lang='lat' dir='ltr'><strong>pauci</strong></span> <span class='ocrx_word' id='word_1_168' title='bbox 1099 3017 1132 3082; x_wconf 89' lang='lat' dir='ltr'><strong>in</strong></span> <span class='ocrx_word' id='word_1_169' title='bbox 1159 3017 1266 3083; x_wconf 89' lang='lat' dir='ltr'><strong>eodem</strong></span> 
     </span>
     <span class='ocr_line' id='line_1_24' title="bbox 199 3119 1266 3209; baseline -0.003 -19"><span class='ocrx_word' id='word_1_170' title='bbox 199 3127 336 3209; x_wconf 90' lang='lat' dir='ltr'><strong>partium</strong></span> <span class='ocrx_word' id='word_1_171' title='bbox 360 3125 462 3191; x_wconf 90' lang='lat' dir='ltr'><strong>studio</strong></span> <span class='ocrx_word' id='word_1_172' title='bbox 483 3128 657 3199; x_wconf 88' lang='lat' dir='ltr'><strong>versantur,</strong></span> <span class='ocrx_word' id='word_1_173' title='bbox 682 3141 758 3205; x_wconf 91' lang='lat' dir='ltr'><strong>quos</strong></span> <span class='ocrx_word' id='word_1_174' title='bbox 774 3120 890 3185; x_wconf 88' lang='lat' dir='ltr'><strong>artiore</strong></span> <span class='ocrx_word' id='word_1_175' title='bbox 907 3119 1125 3186; x_wconf 89' lang='lat' dir='ltr'><strong>sodaliciorum</strong></span> <span class='ocrx_word' id='word_1_176' title='bbox 1141 3123 1266 3187; x_wconf 90' lang='lat' dir='ltr'><strong>nomine</strong></span> 
     </span>
     <span class='ocr_line' id='line_1_25' title="bbox 199 3225 1267 3314; baseline -0.005 -17"><span class='ocrx_word' id='word_1_177' title='bbox 199 3231 461 3314; x_wconf 86' lang='lat' dir='ltr'><strong>comprehendere</strong></span> <span class='ocrx_word' id='word_1_178' title='bbox 484 3231 593 3312; x_wconf 84' lang='lat' dir='ltr'><strong>possis.</strong></span> <span class='ocrx_word' id='word_1_179' title='bbox 635 3230 696 3308; x_wconf 82' lang='lat' dir='ltr'><strong>Qui</strong></span> <span class='ocrx_word' id='word_1_180' title='bbox 711 3231 748 3292; x_wconf 92' lang='lat' dir='ltr'><strong>ut</strong></span> <span class='ocrx_word' id='word_1_181' title='bbox 763 3227 981 3311; x_wconf 82' lang='lat' dir='ltr'><strong>agnoscantur,</strong></span> <span class='ocrx_word' id='word_1_182' title='bbox 1006 3225 1158 3308; x_wconf 88' lang='lat' dir='ltr'><strong>quaedam</strong></span> <span class='ocrx_word' id='word_1_183' title='bbox 1173 3226 1267 3292; x_wconf 90' lang='lat' dir='ltr'><strong>liceat</strong></span> 
     </span>
     <span class='ocr_line' id='line_1_26' title="bbox 199 3336 411 3420; baseline 0.005 -19"><span class='ocrx_word' id='word_1_184' title='bbox 199 3336 411 3420; x_wconf 82' lang='lat' dir='ltr'><strong>praemittere.</strong></span> 
     </span>
    </p>

    <p class='ocr_par' dir='ltr' id='par_1_6' title="bbox 200 3433 1268 4157">
     <span class='ocr_line' id='line_1_27' title="bbox 294 3433 1267 3520; baseline 0 -17"><span class='ocrx_word' id='word_1_185' title='bbox 294 3439 449 3503; x_wconf 89' lang='lat' dir='ltr'><strong>Convivae</strong></span> <span class='ocrx_word' id='word_1_186' title='bbox 465 3435 590 3502; x_wconf 81' lang='lat' dir='ltr'><strong>Graecis</strong></span> <span class='ocrx_word' id='word_1_187' title='bbox 610 3437 800 3504; x_wconf 86' lang='lat' dir='ltr'><strong>vocabantur</strong></span> <span class='ocrx_word' id='word_1_188' title='bbox 827 3433 978 3520; x_wconf 61' lang='lat' dir='ltr'><strong>‘tramea</strong></span> <span class='ocrx_word' id='word_1_189' title='bbox 1002 3436 1089 3502; x_wconf 90' lang='lat' dir='ltr'><strong>velut</strong></span> <span class='ocrx_word' id='word_1_190' title='bbox 1114 3437 1267 3504; x_wconf 88' lang='lat' dir='ltr'><strong>Pindams</strong></span> 
     </span>
     <span class='ocr_line' id='line_1_28' title="bbox 201 3537 1268 3632; baseline -0.002 -21"><span class='ocrx_word' id='word_1_191' title='bbox 201 3546 278 3611; x_wconf 83' lang='lat' dir='ltr'><strong>dicit</strong></span> <span class='ocrx_word' id='word_1_192' title='bbox 301 3543 363 3627; x_wconf 87' lang='lat'>(01.</span> <span class='ocrx_word' id='word_1_193' title='bbox 383 3545 414 3620; x_wconf 87' lang='grc'><strong>9,</strong></span> <span class='ocrx_word' id='word_1_194' title='bbox 428 3545 463 3632; x_wconf 87' lang='grc'><strong>6)</strong></span> <span class='ocrx_word' id='word_1_195' title='bbox 486 3542 666 3624; x_wconf 83' lang='grc' dir='ltr'><em>κωμάζοντι</em></span> <span class='ocrx_word' id='word_1_196' title='bbox 687 3543 795 3628; x_wconf 75' lang='grc' dir='ltr'><em>φίλοις</em></span> <span class='ocrx_word' id='word_1_197' title='bbox 817 3537 1030 3627; x_wconf 77' lang='grc' dir='ltr'><strong><em>Ἐφαρμόστῳ</em></strong></span> <span class='ocrx_word' id='word_1_198' title='bbox 1053 3542 1108 3606; x_wconf 74' lang='grc' dir='ltr'><strong>σὺν</strong></span> <span class='ocrx_word' id='word_1_199' title='bbox 1130 3540 1268 3628; x_wconf 79' lang='grc' dir='ltr'><em>ἑταίροις</em></span> 
     </span>
     <span class='ocr_line' id='line_1_29' title="bbox 201 3643 1267 3735; baseline -0.002 -19"><span class='ocrx_word' id='word_1_200' title='bbox 201 3654 234 3716; x_wconf 89' lang='grc'><strong>11</strong></span> <span class='ocrx_word' id='word_1_201' title='bbox 250 3651 340 3714; x_wconf 84' lang='lat' dir='ltr'><strong>Plato</strong></span> <span class='ocrx_word' id='word_1_202' title='bbox 363 3650 396 3713; x_wconf 93' lang='lat' dir='ltr'><strong>iu</strong></span> <span class='ocrx_word' id='word_1_203' title='bbox 413 3649 546 3732; x_wconf 89' lang='lat' dir='ltr'><strong>Republ.</strong></span> <span class='ocrx_word' id='word_1_204' title='bbox 563 3650 635 3735; x_wconf 88' lang='lat' dir='ltr'>(VII</span> <span class='ocrx_word' id='word_1_205' title='bbox 651 3670 681 3733; x_wconf 85' lang='lat' dir='ltr'><strong>p.</strong></span> <span class='ocrx_word' id='word_1_206' title='bbox 696 3648 798 3733; x_wconf 82' lang='grc'><strong>5681)</strong></span> <span class='ocrx_word' id='word_1_207' title='bbox 823 3643 923 3725; x_wconf 77' lang='grc' dir='ltr'><em>αὐτός</em></span> <span class='ocrx_word' id='word_1_208' title='bbox 937 3670 972 3711; x_wconf 87' lang='grc' dir='ltr'><strong>τε</strong></span> <span class='ocrx_word' id='word_1_209' title='bbox 987 3648 1042 3711; x_wconf 86' lang='grc' dir='ltr'><strong>καὶ</strong></span> <span class='ocrx_word' id='word_1_210' title='bbox 1058 3645 1089 3711; x_wconf 83' lang='grc' dir='ltr'><strong>οἱ</strong></span> <span class='ocrx_word' id='word_1_211' title='bbox 1104 3647 1267 3730; x_wconf 79' lang='grc' dir='ltr'><em>συμπόται</em></span> 
     </span>
     <span class='ocr_line' id='line_1_30' title="bbox 200 3752 1267 3841; baseline 0.002 -23"><span class='ocrx_word' id='word_1_212' title='bbox 200 3755 254 3820; x_wconf 84' lang='grc' dir='ltr'><strong>καὶ</strong></span> <span class='ocrx_word' id='word_1_213' title='bbox 277 3752 400 3841; x_wconf 82' lang='grc' dir='ltr'><em>ἑταῖροι</em></span> <span class='ocrx_word' id='word_1_214' title='bbox 422 3755 477 3818; x_wconf 85' lang='grc' dir='ltr'><strong>καὶ</strong></span> <span class='ocrx_word' id='word_1_215' title='bbox 499 3753 632 3840; x_wconf 78' lang='grc' dir='ltr'><em>ἑταῖραι.</em></span> <span class='ocrx_word' id='word_1_216' title='bbox 679 3757 788 3840; x_wconf 87' lang='lat' dir='ltr'><strong>Neque</strong></span> <span class='ocrx_word' id='word_1_217' title='bbox 811 3757 901 3821; x_wconf 87' lang='lat' dir='ltr'><strong>abest</strong></span> <span class='ocrx_word' id='word_1_218' title='bbox 923 3774 942 3820; x_wconf 93' lang='lat' dir='ltr'><strong>a</strong></span> <span class='ocrx_word' id='word_1_219' title='bbox 964 3754 1174 3821; x_wconf 84' lang='lat' dir='ltr'><strong>convivalibus</strong></span> <span class='ocrx_word' id='word_1_220' title='bbox 1194 3775 1267 3822; x_wconf 89' lang='lat' dir='ltr'><strong>can-</strong></span> 
     </span>
     <span class='ocr_line' id='line_1_31' title="bbox 200 3851 1268 3947; baseline 0.001 -19"><span class='ocrx_word' id='word_1_221' title='bbox 200 3863 272 3929; x_wconf 88' lang='lat' dir='ltr'><strong>ticis</strong></span> <span class='ocrx_word' id='word_1_222' title='bbox 303 3861 470 3945; x_wconf 89' lang='lat' dir='ltr'><strong>appellatio</strong></span> <span class='ocrx_word' id='word_1_223' title='bbox 501 3851 662 3946; x_wconf 80' lang='grc' dir='ltr'><em>ὦὲταῑρε.</em></span> <span class='ocrx_word' id='word_1_224' title='bbox 710 3862 795 3940; x_wconf 82' lang='lat' dir='ltr'><strong>Quae</strong></span> <span class='ocrx_word' id='word_1_225' title='bbox 818 3861 921 3926; x_wconf 90' lang='lat' dir='ltr'><strong>bisin</strong></span> <span class='ocrx_word' id='word_1_226' title='bbox 944 3858 1060 3923; x_wconf 83' lang='lat' dir='ltr'><strong>Atticis</strong></span> <span class='ocrx_word' id='word_1_227' title='bbox 1083 3860 1188 3927; x_wconf 88' lang='lat' dir='ltr'><strong>ecoliis</strong></span> <span class='ocrx_word' id='word_1_228' title='bbox 1210 3860 1268 3947; x_wconf 88' lang='lat'><strong>(14</strong></span> 
     </span>
     <span class='ocr_line' id='line_1_32' title="bbox 201 3958 1268 4050; baseline 0.001 -18"><span class='ocrx_word' id='word_1_229' title='bbox 201 3969 234 4032; x_wconf 94' lang='lat' dir='ltr'><strong>et</strong></span> <span class='ocrx_word' id='word_1_230' title='bbox 257 3969 300 4034; x_wconf 83' lang='lat'><strong>20</strong></span> <span class='ocrx_word' id='word_1_231' title='bbox 323 3984 370 4048; x_wconf 87' lang='lat' dir='ltr'><strong>ap.</strong></span> <span class='ocrx_word' id='word_1_232' title='bbox 394 3965 606 4046; x_wconf 88' lang='lat' dir='ltr'><strong>Athenaeum)</strong></span> <span class='ocrx_word' id='word_1_233' title='bbox 637 3964 779 4042; x_wconf 74' lang='lat' dir='ltr'><strong>occurrit,</strong></span> <span class='ocrx_word' id='word_1_234' title='bbox 812 3982 884 4028; x_wconf 90' lang='lat' dir='ltr'><strong>cum</strong></span> <span class='ocrx_word' id='word_1_235' title='bbox 913 3958 979 4046; x_wconf 78' lang='grc' dir='ltr'><strong>φίλ’</strong></span> <span class='ocrx_word' id='word_1_236' title='bbox 1010 3961 1115 4050; x_wconf 82' lang='grc' dir='ltr'><em>ἑταῖρε</em></span> <span class='ocrx_word' id='word_1_237' title='bbox 1144 3968 1268 4033; x_wconf 87' lang='lat' dir='ltr'><strong>nostrae</strong></span> 
     </span>
     <span class='ocr_line' id='line_1_33' title="bbox 202 4069 1268 4157; baseline 0 -18"><span class='ocrx_word' id='word_1_238' title='bbox 202 4072 339 4156; x_wconf 85' lang='lat' dir='ltr'><strong>syllogcs</strong></span> <span class='ocrx_word' id='word_1_239' title='bbox 362 4092 391 4137; x_wconf 93' lang='lat' dir='ltr'><strong>v.</strong></span> <span class='ocrx_word' id='word_1_240' title='bbox 410 4074 473 4140; x_wconf 79' lang='lat'><strong>753</strong></span> <span class='ocrx_word' id='word_1_241' title='bbox 498 4073 601 4136; x_wconf 84' lang='lat' dir='ltr'><strong>exstet</strong></span> <span class='ocrx_word' id='word_1_242' title='bbox 624 4071 657 4135; x_wconf 92' lang='lat' dir='ltr'><strong>in</strong></span> <span class='ocrx_word' id='word_1_243' title='bbox 681 4069 788 4152; x_wconf 86' lang='lat' dir='ltr'><strong>ecloga</strong></span> <span class='ocrx_word' id='word_1_244' title='bbox 803 4071 1010 4153; x_wconf 88' lang='lat' dir='ltr'><strong>praeceptiva.</strong></span> <span class='ocrx_word' id='word_1_245' title='bbox 1050 4072 1268 4157; x_wconf 88' lang='lat' dir='ltr'><strong>Praeceptivos</strong></span> 
     </span>
    </p>
   </div>
   <div class='ocr_carea' id='block_1_6' title="bbox 202 4176 1268 4332">
    <p class='ocr_par' dir='ltr' id='par_1_7' title="bbox 202 4176 1268 4332">
     <span class='ocr_line' id='line_1_34' title="bbox 202 4176 1268 4262; baseline 0.001 -19"><span class='ocrx_word' id='word_1_246' title='bbox 202 4181 307 4244; x_wconf 89' lang='lat' dir='ltr'><strong>autem</strong></span> <span class='ocrx_word' id='word_1_247' title='bbox 338 4197 447 4243; x_wconf 87' lang='lat' dir='ltr'><strong>versus</strong></span> <span class='ocrx_word' id='word_1_248' title='bbox 478 4177 516 4242; x_wconf 90' lang='lat' dir='ltr'><strong>ad</strong></span> <span class='ocrx_word' id='word_1_249' title='bbox 546 4177 739 4242; x_wconf 87' lang='lat' dir='ltr'><strong>convivalem</strong></span> <span class='ocrx_word' id='word_1_250' title='bbox 762 4189 853 4241; x_wconf 90' lang='lat' dir='ltr'><strong>usum</strong></span> <span class='ocrx_word' id='word_1_251' title='bbox 876 4176 1064 4243; x_wconf 87' lang='lat' dir='ltr'><strong>revocandos</strong></span> <span class='ocrx_word' id='word_1_252' title='bbox 1087 4195 1153 4243; x_wconf 89' lang='lat' dir='ltr'><strong>esse</strong></span> <span class='ocrx_word' id='word_1_253' title='bbox 1177 4197 1268 4262; x_wconf 87' lang='lat' dir='ltr'><strong>supra</strong></span> 
     </span>
     <span class='ocr_line' id='line_1_35' title="bbox 1074 4281 1105 4332; baseline 0 -20"><span class='ocrx_word' id='word_1_254' title='bbox 1074 4281 1105 4332; x_wconf 70' lang='lat'><strong>2*</strong></span> 
     </span>
    </p>
   </div>
   <div class='ocr_carea' id='block_1_7' title="bbox 0 0 1477 4882">
    <p class='ocr_par' dir='ltr' id='par_1_8' title="bbox 0 0 1477 4882">
     <span class='ocr_line' id='line_1_36' title="bbox 0 0 1477 4882; baseline 0 0"><span class='ocrx_word' id='word_1_255' title='bbox 0 0 1477 4882; x_wconf 95' lang='lat' dir='ltr'><strong> </strong></span> 
     </span>
    </p>
   </div>
  </div>
 </body>
</html>
