2934 4882
196 483 235 546 18
459 480 475 546 ξ
494 478 518 533 d.
547 476 687 532 Stasiotici
707 485 735 531 et
754 475 877 531 sodalicii
895 490 997 530 versus.

192 658 224 722 ct
247 676 295 722 vv.
313 659 477 732 Sel-94,
500 658 533 720 iu
557 658 669 739 quibus
691 658 768 721 haec
791 657 967 720 occurrunt:

281 759 311 825 οἱ
335 762 362 825 δ’
388 757 511 844 ἀγαθοὶ
534 759 686 845 φεύγουσι
703 808 710 823 .
727 758 822 824 πόλιν
846 759 880 824 δὲ
903 758 994 823 κακοὶ
1019 756 1194 822 διέπουσιν.

283 869 413 952 llclogas
429 871 486 934 has
501 868 686 944 stasioticas,
710 870 746 932 ut
762 867 916 932 Graecum
931 885 1043 931 nomen
1060 865 1265 942 retineamus,

193 973 365 1039 convivalia
396 975 532 1039 carmina
554 975 649 1038 fuisse
673 973 896 1038 contendimus.
943 971 1074 1037 Accedit
1097 974 1202 1036 autem
1226 975 1266 1037 ut

192 1079 238 1143 ita
270 1078 440 1143 sentiamus
473 1098 509 1144 ea
532 1081 615 1145 ratio
639 1080 717 1162 quod
741 1080 823 1144 idem
846 1078 986 1162 partium
1010 1078 1148 1143 studium
1172 1078 1262 1142 nobis

192 1183 360 1266 percipitur
387 1184 419 1248 in
441 1185 527 1267 poesi
551 1184 726 1250 scoliorum.
774 1184 861 1263 Quod
884 1184 930 1248 ita
953 1203 1035 1249 nunc
1058 1184 1262 1262 attendimus,

194 1291 229 1354 ut
259 1309 349 1372 quam
378 1293 444 1355 crte
471 1292 613 1356 iunctum
642 1290 737 1356 fuerit
764 1311 834 1356 cum
864 1290 933 1356 odio
961 1290 1136 1373 tyrannidis
1165 1291 1262 1355 simul

192 1396 401 1479 respiciamus.
439 1395 481 1460 Ut
503 1396 585 1460 enim
608 1395 752 1479 Spartani
777 1394 950 1460 nobilitatis
974 1415 1096 1479 semper
1120 1396 1265 1462 fautores

194 1505 226 1567 ct
249 1501 344 1566 simul
367 1502 523 1585 tyrannidi
546 1501 741 1566 infestissimi
766 1500 931 1581 fuerunt‚¹)
955 1501 1001 1566 ita
1024 1521 1094 1566 cum
1118 1501 1173 1568 illo
1190 1502 1266 1566 odio

193 1608 401 1673 consociatam
424 1608 600 1672 invenimus
623 1605 774 1672 nobilium
797 1607 936 1689 partium
953 1607 1165 1673 defensionem
1181 1611 1213 1673 ct
1228 1609 1264 1672 in

194 1717 301 1779 nostra
325 1714 444 1797 sylloge
462 1716 494 1779 et
508 1714 540 1777 in
557 1713 642 1796 poesi
659 1712 834 1779 scoliorum.
873 1716 897 1778 ll
914 1715 1010 1780 scolio
1026 1716 1125 1797 igitur
1140 1715 1260 1792 Alcaei,

194 1821 246 1901 qui
268 1820 380 1885 nobilis
404 1819 464 1884 fuit
487 1820 519 1883 in
543 1819 672 1883 civitate
693 1819 851 1892 Lesbiam,
876 1820 952 1885 haec
976 1823 1067 1887 verta
1091 1823 1267 1887 afferuntur

113 1999 116 2004 ,
193 1925 358 1990 Aristoteli
382 1925 488 2008 (Polit.
505 1926 550 1989 lll
569 1930 619 2003 14,
637 1927 755 2000 rauca,
781 1927 942 2011 37-40):

780 2029 834 2093 τὸν
857 2029 1112 2118 κοικονιάτριδοιῗ)

283 2141 441 2200 Πίιιακον
463 2135 579 2212 πόλιος
601 2138 658 2212 erig
681 2134 836 2224 [ζ]αχάλιο
858 2136 913 2198 καὶ
936 2136 1167 2221 βαρυδαίμονος

282 2239 457 2307 ἐπάσαντο
481 2241 632 2328 τύραννον
654 2239 722 2325 ιιεγ’
747 2239 948 2318 ἐπαινέοντες
971 2239 1110 2320 ἀόλλεες.

194 2352 234 2414 Et
272 2349 334 2415 alio
377 2350 471 2415 scolio
511 2349 588 2432 quod
627 2350 855 2432 Aristophanes
893 2352 1049 2415 memorat
1088 2351 1263 2434 Vesparum

194 2477 223 2524 v.
241 2459 327 2524 1234
340 2475 384 2539 sq.
417 2456 618 2520 ambitiosum
649 2453 803 2537 quendam
835 2455 991 2520 hominem
1022 2454 1076 2520 ille
1100 2462 1190 2539 poeta
1212 2458 1268 2523 ita

192 2561 356 2625 inclamat:

275 2657 445 2747 ’Ώνθρωιά
470 2653 561 2740 οὗτος
585 2660 602 2728 o‘
624 2662 797 2746 μαιόμενος
820 2664 857 2730 τὸ
881 2671 964 2749 μέγα
986 2666 1111 2751 κράνος,

284 2765 455 2854 ἀντρέψεις
478 2768 526 2833 ἔτι
549 2769 608 2834 τάν
631 2769 728 2835 πάλιν
753 2795 759 2809 ·
784 2764 805 2835 ά
830 2766 858 2835 δ’
882 2771 988 2852 ἔχεται
1010 2773 1125 2859 ῥοπάς.

195 2892 282 2958 Unde
313 2893 410 2957 etiam
441 2900 566 2976 apparet
593 2894 701 2959 Alcaei
732 2895 855 2959 cantica
886 2915 923 2960 ea
953 2916 1030 2980 quae
1061 2902 1264 2981 grammatici

193 2999 305 3062 vocant
332 2994 526 3062 στοσιωνικά
555 3019 616 3065 non
644 3001 815 3065 carminum
839 3020 937 3083 genus
960 3005 1112 3086 quoddam
1136 3009 1216 3090 quod
1243 3031 1265 3076 a

193 3104 296 3169 scoliis
324 3104 480 3170 diversum
508 3106 602 3171 fucrit
629 3106 840 3190 complevisse.
888 3108 973 3173 ldem
1004 3112 1142 3178 studium
1171 3117 1264 3182 nobis

191 3212 360 3295 percipitur
389 3213 422 3277 in
445 3214 561 3279 Atticis
593 3214 698 3279 scoliis
729 3216 767 3280 ab
791 3217 953 3282 Athenaeo
976 3238 1007 3301 p.
1026 3221 1274 3292 tulo-tens

192 3317 332 3380 servatis.
379 3317 464 3395 Quae
499 3338 517 3383 a
552 3320 640 3385 bonis
668 3321 700 3385 in
724 3322 863 3387 convivio
887 3326 1014 3388 cantata
1038 3343 1104 3390 esse
1128 3327 1266 3396 scolium

194 3425 236 3491 23
260 3426 397 3488 testatur
420 3445 448 3506 q.
463 3443 490 3489 e.

275 3525 388 3610 ’Ἐγχει
410 3529 465 3591 καὶ
489 3526 619 3616 Κήδωνι,
644 3527 778 3607 διάκονε,
801 3529 875 3620 μηδ’
898 3532 1070 3622 ἐπιλήθου,

325 3631 354 3699 εἰ
377 3633 415 3719 δὴ
440 3641 516 3722 χρῇς
538 3631 681 3719 ἀγαθοῖς
703 3633 854 3724 ἀνδράσιν
876 3639 1038 3723 οἰνοχοεῖν.

284 3880 366 3955 1)(3ἰ.
387 3883 420 3937 do
433 3883 630 3952 Spartanorum
649 3885 803 3954 tyrannidis
817 3887 878 3942 odio
892 3889 994 3943 Herod.
1007 3891 1032 3945 V
1046 3891 1088 3956 92,
1108 3891 1233 3961 Thucyd.
1248 3893 1268 3948 Ι

192 3972 234 4039 18,
254 3972 287 4025 δε
306 3971 473 4040 oligarchiae
492 3989 584 4028 eorum
604 3973 696 4028 studio
714 3975 835 4044 Thucyd.
855 3977 869 4030 I
892 3978 931 4032 19.

283 4077 303 4145 2)
323 4077 415 4146 Negat
425 4078 509 4132 nobili
519 4079 577 4132 loco
588 4078 728 4134 Pittacum
738 4088 833 4135 natum
845 4098 909 4146 csse,
924 4100 984 4138 cum
994 4084 1036 4139 ita
1045 4100 1106 4139 enm
1117 4086 1270 4158 designat,

192 4162 226 4219 cf.
247 4165 316 4231 quod
336 4163 500 4238 κακόπατρις
519 4182 550 4221 eo
570 4183 649 4222 sensu
668 4175 697 4223 et
714 4176 825 4224 nostrae
844 4187 864 4225 s.
885 4189 910 4228 v.
931 4173 981 4228 193
1000 4178 1160 4242 usurpatur.
