2934 4882
193 513 236 576 24
453 511 469 578 ἕ
488 510 513 564 4.
542 508 683 565 Stasiotici
702 517 731 565 et
750 508 873 564 sodalicii
891 524 995 565 versus.

391 692 485 751 τοῦτο
509 685 587 763 θεός
609 685 837 772 κιβόρλότατον
859 689 975 772 ποίησε
996 692 1175 772 βροτοῖοινε

426 793 481 856 καὶ
511 800 627 875 γνῶναι
658 791 788 857 πάντων
816 788 899 857 τοῦτ’
931 787 1137 879 ἀνιηρότατον
1161 839 1176 856 ..
1194 791 1272 858 κτλ,

192 917 312 996 Quibus
336 918 516 983 subiicimus
541 916 598 982 duo
622 916 743 982 cantica
767 935 803 980 ex
828 916 942 981 Atticis
966 914 1086 992 scobis,-
1113 917 1148 981 ut
1172 935 1273 999 aper-

191 1023 352 1087 tissimum
381 1025 422 1088 sit
452 1042 507 1089 nos
534 1026 633 1089 rectos
658 1042 724 1088 esse
748 1024 780 1087 in
805 1021 947 1087 eruendis
971 1021 1158 1087 carminibus
1184 1042 1276 1107 quoe

192 1129 224 1193 in
248 1129 398 1194 conviviis
421 1129 527 1195 audita
551 1131 623 1197 sint.

193 1250 274 1319 Suel.
300 1254 319 1320 6
347 1254 383 1337 (7
406 1271 454 1336 ap·
480 1252 590 1338 ng.):
614 1246 694 1315 Εἴθ’
718 1247 789 1338 ἐξῆν
812 1247 926 1327 όποῑός
948 1275 997 1328 τις
1020 1241 1055 1338 ἦν
1079 1249 1214 1328 ἕκαστος

616 1356 792 1443 τὸστῆθος
814 1351 959 1431 διελόντ’,
983 1354 1098 1421 ἔπειτα
1118 1355 1175 1422 τόν
1191 1365 1276 1422 νοΐ-ν’

618 1461 771 1538 ἐσιόόντα,
796 1462 966 1527 κλείσαντα
990 1462 1097 1537 πάλιν,

618 1564 717 1654 ἄνδρα
748 1567 842 1651 φίλον
865 1568 1002 1649 νομίζειν
1025 1565 1130 1654 ἀδόλῳ
1159 1575 1273 1656 φρενί,

193 1689 273 1755 Suel.
299 1692 317 1759 9
343 1692 399 1775 (16
421 1712 469 1775 ap.
487 1694 597 1777 ng.):
621 1689 659 1756 ‘0
682 1695 827 1777 καρκίνος
850 1681 904 1756 dd'
930 1692 994 1778 ἔφα

619 1798 702 1884 χαλᾷ
726 1798 782 1864 τόν
804 1796 880 1884 ὄφιν
902 1799 1022 1882 λαβών·

619 1898 717 1966 εόθόν
740 1902 798 1989 χρὴ
821 1903 875 1967 τόν
898 1901 1024 1989 ἑταῖρον
1047 1903 1144 1986 ἔμμεν

618 2010 672 2073 καὶ
693 2009 738 2095 μή
764 2009 875 2073 σκολιά
898 2021 1033 2095 φρονεῖν.

192 2151 302 2216 Νοοοο
332 2150 414 2216 idern
444 2169 555 2215 sensus
586 2151 620 2214 in
642 2150 691 2215 his
716 2169 834 2233 quoque
857 2151 1048 2234 percipitur?
1094 2151 1179 2216 Num
1204 2154 1273 2219 hoc*

193 2258 278 2325 casui
309 2257 497 2322 tribuimus?
532 2257 648 2321 Mirum
678 2258 803 2322 omnino
832 2260 890 2334 est,
922 2261 1110 2340 quantopere
1133 2258 1167 2322 in
1192 2279 1264 2324 sen-

194 2364 364 2430 tentiarum
398 2364 593 2447 argumentis
627 2383 698 2429 oum
732 2366 858 2428 nostrae
881 2384 904 2428 s.
928 2363 1044 2447 eclogia
1078 2364 1140 2429 ista
1164 2365 1266 2431 seclia

190 2472 396 2548 consentiant,
420 2471 452 2534 id
475 2470 554 2553 quod
578 2471 641 2535 ianr
664 2470 797 2536 vidimus
812 2470 844 2533 in
862 2470 1069 2553 superioribus
1087 2473 1118 2534 et
1134 2472 1266 2556 saepius

193 2578 287 2643 etiam
322 2576 503 2642 videbimus.
562 2575 666 2652 Velut,
701 2578 736 2640 ut
769 2576 865 2640 etiam
888 2595 1053 2659 pergamus
1077 2597 1129 2643 eos
1152 2597 1268 2644 uersus

193 2684 354 2748 observare
378 2681 432 2765 qui
456 2682 495 2746 ad
518 2680 700 2747 sodalicium
723 2683 909 2765 pertineant,
944 2683 1037 2748 scolio
1063 2688 1104 2750 ll
1128 2685 1183 2768 (21
1211 2705 1266 2769 ap.

193 2786 291 2872 Bgir.)
315 2806 441 2871 prorsus
458 2786 541 2853 idern
557 2788 747 2872 praecipitur
763 2791 856 2871 atque
872 2792 995 2854 nostrae
1011 2809 1035 2853 s.
1053 2810 1101 2854 vv.
1116 2792 1265 2874 31-38,

193 2896 372 2970 ror—04,
409 2896 586 2972 113-14,
625 2893 874 2959 dissuadentibus
911 2915 950 2960 ne
983 2897 1050 2978 quis
1085 2897 1266 2980 improbum·

192 3000 351 3066 hominem
374 3000 407 3065 in
431 2999 630 3066 sodalitatem
651 3002 792 3066 asciscat.
833 3000 931 3079 Quam
948 3002 1183 3085 congruentiam
1200 3024 1266 3070 uon

194 3106 323 3173 fortuito
348 3108 486 3174 evenisse
510 3107 622 3173 dudum
647 3107 881 3191 suspicabamur·
905 3107 960 3190 (cf.
984 3128 1013 3191 p.
1040 3107 1107 3193 10).

283 3212 469 3280 Sodalioium
494 3213 571 3279 iliud
587 3215 750 3292 nobilium,
775 3213 853 3297 quod
870 3215 1066 3297 agnoscimus
1081 3233 1141 3281 non
1158 3217 1267 3282 Theo·

191 3321 319 3405 gnideos
343 3340 450 3386 vorsus
473 3323 596 3386 tantum
621 3321 673 3385 sed
697 3325 794 3386 totam
819 3319 960 3404 syllogen
983 3321 1047 3386 iem
1070 3324 1262 3404 spectantes,

191 3426 282 3509 quale
306 3425 402 3491 fuerit
424 3427 549 3508 ingenio
573 3427 744 3510 habituque
768 3428 864 3492 etiam
889 3428 1039 3510 dispicere
1061 3446 1153 3510 posse
1170 3430 1264 3496 nobis

190 3532 342 3597 videmur.
390 3530 487 3597 Velut
509 3551 589 3596 nuno
612 3551 760 3615 pauperes
783 3532 943 3617 plerosquo
968 3551 1020 3599 eos
1043 3533 1138 3598 fuisse
1155 3537 1264 3600 atten-

192 3638 303 3703 dimus.
350 3637 452 3717 Quam
475 3636 634 3702 miseriam
650 3639 713 3703 iam
730 3639 903 3722 Theognidi
926 3657 1017 3704 curae
1038 3639 1134 3704 fuisse
1151 3661 1267 3708 versus

193 3745 345 3812 rut-78
369 3743 429 3808 tibi
450 3735 642 3826 patefaciant
664 3765 694 3827 q.
707 3764 732 3810 s.

273 3859 380 3949 ’Ἀνόρ
403 3858 533 3947 άγαθόν
555 3869 648 3952 πενίι]
671 3864 802 3930 πάντων
825 3865 961 3954 δάμνησι
983 3867 1124 3949 μάλιστα

323 3970 376 4033 καὶ
400 3968 502 4056 γήρως
523 3972 647 4048 πολιοῦ,
672 3971 782 4060 Κύρνε,
806 3975 861 4037 καὶ
884 3969 1033 4061 ἠπιάλου,

279 4070 316 4160 ἣν
339 4069 376 4160 δή
399 4075 457 4160 χρὴ
484 4074 641 4161 φεύγοντα
664 4079 718 4141 καὶ
741 4075 773 4156 ἐς
796 4079 986 4167 βαθυκήτεα
1009 4080 1127 4146 πόντον

322 4180 448 4268 ῥιπτεῖν
471 4183 525 4246 καὶ
548 4190 700 4270 πετρέων,
726 4184 835 4272 Κόρνε,
859 4183 929 4250 κατ’
954 4184 1122 4274 ἠλιβάτων.
