2934 4882
257 493 300 557 58
498 492 513 558 ξ
535 490 575 544 14.
604 490 672 545 (ium
689 488 846 544 variatione
865 486 963 542 iterati
982 502 1085 543 versus.

345 664 418 731 οὐδὲ
441 668 503 754 γάρ
528 665 562 744 ὃς
586 672 734 753 θνητοῖσι
757 667 811 730 καὶ
835 662 1054 730 ἀθανάτοισιν
1072 659 1213 739 ἀνάσσει,

390 772 467 848 Ζεὺς
493 771 655 858 Κρονίδης,
680 775 812 858 θνητοῖς
835 774 935 835 πᾶσιν
958 766 1045 834 ἀὸεῖν
1067 767 1211 839 δύναται.

257 915 294 961 ex
317 897 523 979 Theognideis
554 899 740 981 quibusdam
770 898 861 963 dictis
892 899 1120 964 consarcinatus
1151 915 1218 962 esse
1249 897 1330 961 mibi

258 1019 377 1084 quoque
416 1000 576 1067 statuitur.
634 1003 784 1086 Legimus
819 1004 899 1068 enim
933 1004 965 1067 in
1000 1003 1100 1086 prima
1132 1003 1233 1086 elegia
1269 1023 1329 1086 qua

258 1105 381 1191 Cyrnus
405 1107 579 1191 appellatur
601 1108 672 1173 inde
695 1129 714 1173 a
738 1129 766 1173 v.
791 1111 850 1176 23:

347 1268 389 1278 -
412 1270 457 1278 —
472 1230 598 1309 πάντας
621 1231 654 1296 δὲ
678 1227 746 1296 κατ’
771 1228 971 1316 ἀνθρώπους
994 1225 1170 1311 ὀνομαστός

391 1332 501 1413 ἀστοῖς
523 1333 622 1400 τοῖσδ)
649 1333 686 1401 οὔ
709 1359 764 1399 πω
787 1337 888 1400 πᾶσιν
911 1329 999 1400 ἀδεῖν
1022 1333 1177 1416 δύναμαι·

347 1438 436 1507 οὐδὲν
459 1442 661 1523 θαυμαστόν,
688 1441 893 1529 ΙΙολοπαΐὸη·
919 1437 993 1506 οὐδὲ
1016 1441 1076 1527 γάρ
1100 1441 1117 1507 ὁ
1141 1442 1221 1519 Ζεύς

391 1546 464 1612 οὔθ’
490 1545 555 1613 ἀιον
577 1544 727 1612 πάντεοά
754 1542 882 1613 ἀνόἀνει
906 1545 972 1612 οὔτ’
1000 1543 1130 1628 ἀνέχων.

260 1675 398 1756 Apparet
424 1679 527 1739 autem
552 1695 628 1757 quae
653 1676 775 1758 proprie
798 1675 841 1738 ibi
865 1675 902 1739 de
926 1693 959 1738 se
983 1674 1140 1756 Theognis
1163 1672 1331 1755 profitetur

259 1781 394 1862 speeiem
421 1782 593 1846 sententiae
617 1781 666 1844 vel
689 1776 814 1864 γνώμης
837 1779 936 1843 altero
960 1776 1028 1842 loco
1051 1778 1199 1842 induisse.
1247 1776 1330 1842 Con·

261 1886 366 1949 silium
390 1887 487 1968 igitur
511 1887 710 1969 studiumque
732 1888 794 1950 iam
818 1888 850 1950 in
873 1887 933 1950 hae
954 1886 1125 1949 mutatione
1147 1884 1330 1967 percipitur,

261 1993 293 2055 et
316 1995 425 2073 poetae
442 1993 536 2056 alicui
552 1993 628 2057 haec
644 1994 815 2057 tribuemus
832 1994 884 2076 qui
899 1991 1033 2075 posteris
1049 1991 1251 2074 temporibus,
1276 1991 1330 2056 ubi

259 2101 381 2178 γνῶμαι
410 2096 620 2162 convivalibus
644 2099 745 2181 magis
768 2097 994 2183 placuerunt,¹)
1019 2116 1055 2161 ea
1080 2116 1095 2161 e
1119 2097 1331 2180 Theognideis

263 2201 354 2266 dictis
390 2203 539 2267 elicuerit.
595 2202 710 2268 Contra
744 2204 817 2287 quid
850 2204 972 2268 consilii
1006 2203 1142 2268 tenuerit
1175 2204 1331 2285 posterior

259 2311 349 2391 poeta
381 2309 551 2374 inserendis
582 2311 723 2375 versibus
752 2313 927 2378 1111-12
957 2311 1036 2374 mihi
1066 2309 1192 2392 quidem
1224 2309 1330 2373 minus

258 2416 453 2498 perspicuum
476 2416 522 2482 fit.

350 2522 466 2587 Dubito
491 2525 596 2597 etiam,
621 2544 660 2588 an
676 2524 799 2589 Solonis
823 2543 859 2588 ea
882 2524 974 2588 verba
999 2543 1076 2606 quae
1096 2523 1166 2588 inde
1182 2543 1201 2588 a
1216 2543 1245 2590 r.
1263 2525 1330 2592 719

258 2628 406 2709 leguntur
428 2630 459 2691 in
485 2630 567 2693 exitu
591 2630 637 2693 ita
661 2649 693 2693 se
717 2630 849 2694 habente
872 2631 1012 2695 breviata
1035 2632 1113 2694 sint:

346 2787 746 2801 ——————
776 2754 816 2818 τά
839 2753 901 2839 γὰρ
925 2753 1081 2840 περιώσια
1105 2751 1215 2816 πάντα

392 2853 524 2942 χρήματ’
551 2856 631 2938 ἔχων
654 2855 757 2937 οὐδεὶς
779 2860 905 2945 ἔρχεται
928 2859 974 2939 εἰς
996 2856 1118 2933 Ἀΐδεω,

348 2955 415 3024 odd'
438 2957 479 3025 ἀν
502 2960 623 3029 ἀποινα
647 2964 755 3043 διδοὺς
777 2967 924 3032 θάναιόν
947 2964 1045 3053 φώγοι
1070 2961 1141 3030 οὐδὲ
1164 2969 1297 3050 βαρείας

391 3066 524 3148 νούσους
548 3067 621 3136 οὐδὲ
644 3074 741 3138 κακὸν
764 3077 864 3159 γῆρας
886 3071 1105 3160 ἐπερχόμενον.

259 3192 344 3270 Quae
367 3212 422 3274 per
445 3214 478 3259 se
502 3182 575 3261 sane
599 3196 691 3279 plana
715 3200 797 3278 sunt,
824 3217 921 3280 neque
946 3200 1106 3281 quicquam
1124 3195 1332 3273 desideratur,

259 3299 312 3363 sed
344 3302 497 3382 reperitur
527 3306 687 3384 praeterea
719 3305 751 3368 in
784 3306 890 3369 nostra
921 3324 944 3368 s.
976 3322 1121 3369 uersuum
1150 3304 1333 3371 1187-90

259 3404 333 3468 haee
356 3406 472 3489 ecloge,
505 3409 556 3472 oui
582 3409 664 3474 haud
688 3410 781 3475 dubie
805 3410 920 3493 aliquid
944 3431 1015 3475 oum
1039 3411 1178 3474 extremo
1202 3407 1332 3473 illorum

258 3529 403 3575 versuum
427 3511 558 3576 disticho
582 3514 759 3579 intercedit:

351 3629 444 3708 Οὖτις
466 3630 588 3697 ἀποινα
612 3635 720 3712 ἀιδοῦς
743 3634 886 3700 θάνατον
910 3633 1007 3721 φύγοι
1030 3631 1104 3700 οὐδὲ
1126 3640 1262 3721 βαρεῖαν

393 3736 570 3826 ἀοστοχίην,
596 3738 624 3805 εἰ
645 3741 689 3827 μη
713 3738 795 3827 μοῖρ’
822 3740 878 3806 ἐπὶ
901 3748 1002 3829 τέρμα
1024 3741 1129 3826 βάλοι.

348 3837 418 3906 odd'
442 3840 481 3906 ἀν
504 3843 731 3932 δοσφροσάνας,
756 3844 810 3911 ὅτε
834 3846 872 3934 oq*
899 3848 978 3926 θεὸς
1001 3845 1102 3931 ἀλγεα
1125 3853 1268 3929 πέμποι,

391 3951 511 4036 θνητὸς
533 3950 614 4040 ἀνὴρ
637 3952 752 4039 ἀώροις
774 3951 966 4037 βουλόμενος
989 3953 1163 4041 προφύγοι.

259 4111 469 4120 ———.—

350 4198 374 4267 ¹)
393 4199 561 4267 Respicimus
581 4201 652 4267 quod
670 4201 699 4255 in
717 4201 769 4256 iine
788 4202 903 4257 alterius
923 4202 1092 4272 paragraphi
1108 4201 1297 4270 exposuimus.
