2934 4882
431 487 447 553 ὅ
469 475 508 541 10.
538 485 639 541 Breues
658 485 813 542 sententiae
832 493 861 541 et
879 486 1031 554 proverbia
1221 493 1261 554 41

194 663 336 729 convivio
371 667 513 730 cantatos
546 683 624 741 esse,
659 664 690 728 id
723 664 803 747 quod
827 663 1001 742 Hillerus¹)
1037 685 1097 731 non
1134 665 1266 732 debebat

195 789 319 854 negare.
367 771 424 836 Cui
456 773 522 837 iure
552 771 731 855 obloquitur
753 773 854 836 Lucas
872 773 919 837 ,in
951 771 1165 837 dissertatione
1189 792 1218 855 q.
1242 772 1263 839 i.

195 875 306 942 Studia
322 877 530 960 ,Theognidea
550 877 666 963 (Berol.
693 880 794 961 1893)
818 898 849 961 p.
865 880 1008 946 41—42.
1049 877 1158 961 Neque
1181 879 1265 942 enim

195 982 332 1048 dubitari
351 985 464 1067 potest,
489 984 564 1067 quein
581 987 613 1050 et
628 1002 740 1050 canens
756 984 810 1049 ille
828 985 874 1049 vir
890 985 994 1068 pictus
1011 984 1062 1061 sit,
1087 986 1120 1049 et
1136 985 1264 1049 metrice

195 1088 329 1154 formate
361 1092 453 1157 verba
486 1110 522 1156 ex
550 1095 617 1157 eius
641 1111 692 1157 ore
715 1092 907 1174 proveniant.
955 1091 1136 1156 Addiderim
1166 1090 1265 1156 adea

195 1214 274 1278 quae
299 1196 399 1263 Lucas
422 1198 556 1281 exponit,
581 1199 660 1263 banc
682 1199 847 1275 rationem,
876 1200 912 1262 ut
934 1198 1108 1263 hexametri
1130 1195 1266 1261 initialia

194 1302 288 1366 verba
319 1322 415 1386 usque
447 1304 484 1369 ad
513 1323 672 1369 caesuram
699 1323 768 1368 eam
793 1322 871 1387 quae
894 1306 1023 1368 vocatur
1054 1302 1138 1366 κατὰ
1160 1305 1266 1386 τρίτον

197 1417 347 1492 τροχαῖον
369 1411 609 1492 perscribantur,
635 1410 731 1474 etiam
754 1410 865 1492 pictori
889 1409 1041 1491 placuisse
1064 1412 1192 1491 paterae
1208 1407 1266 1472 ali-

196 1516 285 1579 cuius
310 1515 474 1580 Vulcensis
503 1516 613 1599 figuris
636 1516 738 1580 rubris
763 1517 795 1580 et
817 1515 915 1597 ipsius
939 1517 1077 1592 ornatae,
1110 1533 1187 1597 quae
1212 1514 1266 1578 de·

196 1621 313 1704 scripta
348 1623 396 1686 est
430 1622 463 1686 in
497 1622 710 1687 Monumentis
745 1621 885 1686 lnst‘tuti
912 1622 986 1689 Vb.
1040 1620 1188 1703 Ascripta
1222 1619 1265 1684 ibi

195 1727 371 1791 invenimus
395 1729 489 1792 verba
512 1717 573 1791 ὦδε
588 1722 663 1791 ποτ’
679 1724 711 1790 ἐν
729 1729 866 1811 Τίρυνθι
887 1727 925 1793 ad
941 1728 1111 1810 imaginem
1127 1726 1266 1791 canentis

196 1833 265 1914 viri,
290 1835 340 1897 cui
364 1835 461 1899 etiam
485 1835 602 1899 tibicen
625 1834 750 1899 additus
774 1837 832 1910 est,
856 1835 903 1898 ita
918 1836 953 1897 ut
970 1833 1104 1898 dubitari
1119 1835 1265 1915 nequeat,

197 1940 269 2022 quin
293 1941 366 2004 cent
385 1943 406 2003 t.

305 2188 327 2271 ξ
351 2188 409 2256 10.
443 2138 598 2256 Breves
622 2186 848 2255 sententiae
873 2190 914 2254 et
936 2186 1161 2270 proverbia.

291 2325 433 2391 Vidimus
455 2328 659 2418 paragraphis
671 2313 695 2395 ‘2
720 2331 753 2392 et
769 2331 788 2396 3
805 2329 888 2392 inter
906 2329 1118 2411 praeceptivus
1142 2331 1266 2394 nostrae

199 2453 224 2498 s.
256 2451 364 2499 versus
396 2435 491 2499 etiam
522 2435 656 2500 inveniri
683 2436 737 2518 qui
760 2437 894 2518 speciem
919 2435 1048 2499 induant
1071 2436 1173 2500 brevis
1197 2453 1267 2498 sen·
1340 2494 1342 2498 .

198 2540 326 2618 tentiae,
359 2560 438 2624 quae
462 2528 583 2606 Graece
601 2539 709 2626 γνώμη
733 2543 868 2606 vocatur.
916 2541 1001 2620 Quos
1025 2542 1170 2625 quoniam
1194 2561 1266 2605 con·

197 2645 331 2711 rivalem
364 2664 454 2710 usum
486 2645 632 2710 habuisse
664 2647 840 2727 statuimus,
874 2665 1061 2729 consequens
1092 2649 1266 2711 astrorum

199 2752 407 2829 cohaerentia,
431 2752 465 2815 in
488 2753 666 2818 universum
690 2754 725 2817 ut
748 2753 814 2816 eins
837 2752 961 2835 generis
977 2771 1082 2817 versus
1098 2753 1180 2818 inter
1195 2773 1267 2817 aon·

154 2891 161 2902 ·
197 2859 313 2926 nivalia
328 2859 451 2924 cantica
466 2858 638 2923 valeramus
654 2859 686 2923 in
703 2859 814 2941 quibus
830 2859 1003 2923 sententiae
1016 2859 1096 2924 ratio
1108 2863 1266 2943 appareat,

199 2967 340 3052 quamvis
372 2966 515 3031 desinant
546 2965 664 3030 morale
688 2965 736 3030 vel
760 2966 838 3029 utile
860 2967 1064 3047 praeceptum
1087 2967 1266 3048 exprimere.

199 3074 314 3154 Quales
336 3077 392 3139 hos
416 3073 548 3155 exempli
571 3073 675 3155 gratia
696 3071 931 3155 perscribimus:

201 3199 372 3268 167-68:
391 3191 480 3260 ’Ἀλλ’
497 3192 584 3280 ἄλλῳ
599 3194 697 3258 κακόν
713 3192 791 3271 ἐστι,
807 3194 844 3257 τὸ
861 3190 888 3256 δ’
904 3188 1031 3278 ἀτρεκὲς
1043 3190 1151 3275 ὄλβιος
1163 3187 1268 3268 οὐδείς

456 3297 642 3385 ἀνθρώπων
665 3293 806 3376 ὁπόσους
828 3293 933 3385 ἠέλιος
955 3301 1093 3385 καθορᾷ.

200 3410 374 3478 293-943
402 3404 482 3472 Οὐδὲ
505 3408 585 3472 λέων
608 3404 671 3472 αἰεὶ
694 3411 771 3491 κρέα
794 3405 950 3488 δαίνυται,
980 3401 1063 3469 ἄλλά
1086 3430 1141 3488 μιν
1163 3404 1268 3490 ἔμπης

460 3516 514 3579 καὶ
537 3513 687 3601 κρατερόν
710 3537 771 3599 περ
794 3511 872 3580 ἐόντ’
899 3511 991 3600 ἀγρεῖ
1013 3510 1181 3599 ἀμηχανίη.

199 3621 372 3689 381—822
400 3616 480 3685 otte
502 3646 534 3685 τι
554 3626 734 3706 κεκριμένον
749 3621 832 3704 πρὸς
848 3618 998 3702 δαίμονός
1012 3616 1081 3684 ἐστι
1096 3624 1266 3704 βροτοῖσιν,

458 3721 522 3790 οὐδ’
549 3722 622 3791 ὁδὸν
645 3721 683 3809 ἥν
706 3749 755 3802 τις
778 3722 833 3789 htv
856 3720 1073 3789 ἀθανάτοισιν
1096 3721 1178 3789 ἅδοι.

290 3850 357 3916 Nec
392 3870 454 3916 non
489 3852 585 3916 etiam
620 3846 748 3931 γνώμας
781 3850 815 3913 in
846 3849 996 3914 conviviis
1028 3849 1170 3912 cantatas
1201 3864 1268 3910 esse

201 3958 404 4023 Aristoxenus
428 3960 460 4022 et
476 3955 597 4041 Phyllis
620 3956 776 4019 testentur
799 3954 878 4036 apuu
896 3952 1026 4019 Suidam
1048 3972 1072 4020 s.
1087 3972 1116 4017 v.
1133 3947 1268 4018 σκολιόν.

200 4100 415 4110 ——.—.—.—

294 4187 317 4255 ¹)
336 4186 493 4241 Jahresber.
512 4185 531 4238 f.
551 4185 634 4239 klass.
655 4184 757 4239 Altert.
777 4183 847 4238 1888
866 4200 891 4252 p.
907 4181 963 4237 ,157
977 4197 1015 4248 sq.
