2934 4882
244 483 285 547 74
331 480 347 551 ἕ
366 480 408 535 17.
436 480 575 549 Quomodo
594 479 716 536 accidere
734 479 867 548 potuerit,
887 485 920 534 ut
938 485 1035 535 nostra
1053 479 1160 547 sylloge
1178 485 1232 537 etc.

242 661 278 724 ut
311 659 343 723 in
367 658 508 725 Platonis
542 659 724 724 testimonio
759 656 1034 742 acquiescamus‚¹)
1069 658 1125 724 bos
1154 677 1264 724 versus
1298 681 1320 726 a

242 766 421 848 Theognide
451 766 556 849 potius
585 766 838 833 abiudicabimus.
886 767 996 851 Neque
1018 785 1164 833 veremur
1186 768 1318 849 poetam

242 871 333 955 plano
350 873 493 954 ignotum
509 870 562 954 qui
578 889 629 936 eos
645 872 768 937 finxerit
784 891 962 955 agnoscere,
985 892 1059 937 cnm
1072 892 1122 939 vv.
1135 872 1319 940 1209—10

242 975 373 1061 (Αἴθων
387 975 445 1057 μὲν
460 981 549 1060 γένος
560 973 626 1058 εἰμί
641 978 723 1062 κτλ.)
740 979 960 1062 ignotissimos
975 980 1078 1056 homo,
1095 997 1142 1045 vv.
1157 978 1318 1047 579-80

243 1088 275 1149 et
297 1085 453 1153 861-64
476 1083 622 1149 mulieres
645 1104 794 1169 perquam
818 1086 944 1169 ignotae
967 1085 1144 1169 loquantur,
1173 1086 1208 1148 ut
1233 1083 1318 1150 nihil

243 1190 344 1256 dicam
368 1191 404 1255 de
426 1190 572 1273 perodiis.

331 1297 429 1361 Venio
453 1296 491 1361 ad
514 1314 621 1361 versus
647 1301 788 1364 11-14.
837 1296 897 1375 Qui
920 1316 990 1361 cum
1013 1297 1060 1362 ita
1082 1297 1249 1380 incipiant:

325 1400 456 1486 ’Ἄρτεμι
479 1400 654 1488 θηροφόνη,
678 1400 820 1484 θύγατερ
844 1400 930 1478 Διός,
955 1399 992 1488 ἣν
1014 1397 1218 1486 Ἀγαμέμνων

375 1505 494 1583 εἴωθ’,
519 1503 572 1572 ὅτ’
597 1505 629 1585 ἐς
656 1513 768 1595 Τροίην
791 1507 885 1572 ἔπλεε
908 1509 999 1595 νηνοὶ
1021 1512 1129 1592 θοαῖς,

243 1617 320 1680 item
342 1616 382 1681 iis
398 1617 599 1681 Isthmiacum
615 1617 816 1696 Megarorum
840 1617 947 1681 urbem
964 1616 1121 1699 designari
1135 1616 1318 1681 Pausaniae

243 1724 291 1789 his
300 1724 401 1789 vorbis
413 1725 604 1807 coarguitur,
616 1742 693 1806 quae
705 1724 738 1787 iu
748 1724 979 1805 Megarensium
988 1742 1092 1788 rernm
1103 1723 1319 1806 descriptione

242 1833 364 1895 exstant
386 1831 433 1916 (t,
450 1834 503 1907 43,
522 1830 572 1913 1);

331 1936 385 2010 καὶ
398 1931 580 2020 Ἀρτέμιδος
596 1933 680 2020 ἱερὸν
693 1932 710 1999 ὁ
724 1930 928 2018 Ἀγαμέμνων
944 1931 1102 2021 ἐποίησεν,
1119 1931 1208 2021 ἡνίκα
1224 1923 1319 2019 ἦλθε

333 2038 505 2119 Κάλχαντα
517 2036 662 2103 οἰκοῦντα
675 2036 707 2102 ἐν
716 2039 874 2125 Μεγάροις
886 2037 919 2117 ἒς
924 2039 1020 2105 Ἴλιον
1029 2039 1172 2105 ἕπεσθαι
1179 2044 1316 2104 πείσων.

243 2147 408 2226 Quaeritur
441 2149 558 2224 autern,
594 2166 668 2210 num
688 2148 915 2230 *Theognidem
950 2149 1005 2213 hos
1040 2167 1147 2213 versus
1176 2147 1317 2214 edidisse

243 2254 387 2319 credibile
417 2255 467 2329 sit,
501 2254 625 2318 etiamsi
649 2252 789 2318 Belochii
813 2255 965 2319 rationem
987 2254 1177 2338 probareris.
1226 2255 1317 2334 Quod

243 2364 325 2426 euim
349 2362 380 2424 in
405 2361 516 2425 Ethioa
540 2360 690 2424 Eudemia
714 2361 994 2440 (V1110‚1243a‚
1023 2359 1163 2444 16-18)
1187 2361 1219 2424 ei
1252 2361 1315 2425 tri-

242 2467 388 2544 buuntur,
420 2486 476 2551 pro
508 2466 604 2530 nihilo
628 2467 718 2530 nobis
741 2467 934 2541 aestimatur,
968 2467 1022 2548 qui
1045 2466 1148 2532 omnia
1171 2483 1208 2531 ea
1233 2486 1318 2550 qnae

244 2574 277 2636 in
300 2573 472 2655 posteriore
495 2572 666 2636 carminum
690 2572 898 2637 convivalium
923 2572 1104 2638 collectione
1132 2573 1319 2638 exstiterint

242 2678 417 2760 antiquitus
440 2679 504 2743 iarn
528 2679 594 2742 sine
619 2677 761 2761 scrupulo
778 2678 817 2743 ad
834 2698 905 2743 eum
922 2680 1022 2744 relata
1038 2698 1104 2744 esse
1120 2668 1317 2746 intellexisse

246 2783 334 2847 nobis
357 2783 525 2847 videamur.
565 2784 678 2848 Contra
699 2785 890 2849 attendimus
906 2786 1039 2850 liborum
1055 2785 1184 2850 alicuius
1199 2787 1316 2868 poetae

243 2888 403 2970 ingenium
437 2890 470 2953 in
504 2888 568 2953 illis
602 2891 704 2954 minus
734 2910 892 2974 apparere,
928 2911 1004 2975 qnos
1035 2893 1138 2975 potins
1171 2910 1247 2955 usus
1281 2894 1317 2957 et

242 2995 435 3061 necessitudo
467 2995 635 3061 conuiualis
668 2997 726 3061 sibi
760 2999 953 3079 exposcebat.
1000 2999 1198 3064 Prooemium
1227 2999 1316 3062 enim

242 3103 399 3167 habemus.
447 3102 523 3181 Quis
549 3105 654 3168 autern
677 3105 855 3169 Atticorum
878 3104 1046 3170 scoliornm
1069 3098 1225 3187 prooemia
1246 3122 1315 3169 non

242 3208 302 3274 nisi
326 3209 418 3273 claris
442 3211 474 3272 et
497 3210 669 3274 celebribus
691 3211 791 3294 poetis
815 3209 919 3273 deberi
942 3210 1129 3275 contendet?
1174 3209 1315 3289 Quinam

242 3317 315 3378 sunt
348 3313 417 3379 illi?
461 3313 573 3379 Nonne
603 3314 743 3379 videmus
775 3315 883 3380 eodem
911 3317 988 3393 inre,
1024 3335 1082 3399 quo
1110 3315 1172 3379 ista
1194 3314 1315 3382 nullius

243 3402 352 3505 poetae
375 3439 442 3485 esse
467 3421 579 3484 dixeris
602 3421 690 3485 cuius
714 3421 837 3486 aliunde
861 3423 1017 3487 notionem
1037 3421 1161 3498 habeas,
1184 3424 1317 3489 nostrae

242 3545 360 3609 quoque
392 3525 528 3609 sylloges
560 3528 718 3610 prooemia
749 3529 972 3613 aThuognide
1003 3528 1171 3594 abiudicari
1198 3527 1316 3611 posse?

330 3632 365 3694 ln
387 3632 555 3713 prooemiis
578 3631 734 3714 paulisper
757 3633 854 3698 etiam
875 3614 1043 3701 moramur.
1084 3632 1207 3698 Iurabit
1228 3636 1316 3700 euim

241 3737 409 3803 attendisse
432 3740 620 3821 quantopere
643 3740 676 3803 et
699 3758 735 3803 ex
751 3742 928 3806 Atticorum
953 3740 1118 3807 scoliorum
1140 3742 1317 3824 prooemiis

271 3957 272 3961 ,
332 3915 350 3979 ¹)
370 3915 562 3983 Quaestionem
574 3930 644 3982 qnae
663 3921 706 3970 cst
718 3915 751 3970 de
764 3914 932 3985 Theognidis
944 3917 1037 3984 patrie
1049 3932 1104 3970 nou
1116 3914 1318 3972 diiudicavisse

240 4003 317 4058 nobis
336 4003 467 4059 videmur.
492 4002 584 4070 Neque
597 4002 712 4058 nitimur
724 4002 753 4058 iu
765 4019 825 4058 cam
839 4003 1049 4066 diiudicandam,
1068 4004 1116 4057 sed
1129 4003 1180 4058 hoc
1199 4004 1318 4074 agimus

242 4098 273 4146 ut
291 4106 386 4147 versus
404 4092 528 4147 773-82
554 4091 751 4161 aTbeoguide
774 4091 877 4146 alienos
901 4107 959 4146 csse
985 4093 1217 4162 demonstremus,
1242 4093 1320 4149 nihil

241 4180 365 4248 amplius.
