2934 4882
275 465 317 528 46
383 462 398 528 ἓ
418 460 460 516 12.
491 461 531 516 De
550 460 590 515 eis
609 459 732 514 versibus
750 459 779 513 in
798 458 895 527 quibus
914 457 1016 513 famina
1034 463 1084 513 aut
1102 458 1226 526 loquitur
1246 464 1300 515 etc

363 640 449 719 Quae
465 659 537 705 cum
553 641 599 704 ita
615 640 688 720 sint,
705 639 925 721 compotricem
940 638 989 703 vel
1002 638 1181 704 sodaliciam
1194 638 1348 704 feminam

273 748 450 831 loquentem
472 745 649 828 intelligere
674 765 733 811 non
757 764 865 811 vereor
887 764 935 810 vv.
952 746 1108 814 579-80
1123 764 1191 829 qs.

360 849 528 936 Ἐχθαίρω
550 850 647 916 κακὸν
669 848 778 932 ἄνδρα,
802 850 1012 936 καλυψαμένη
1034 847 1069 913 δὲ
1092 850 1237 936 πάρειμι,
1317 873 1320 879 ’

408 964 541 1043 σμικρῆς
564 954 695 1042 ὄρνιθος
717 965 836 1041 κοῦφον
858 955 976 1037 ἔχουσα
1000 954 1080 1020 νόον.

277 1063 364 1144 Quod
388 1065 471 1130 enim
495 1065 570 1130 dicit
594 1062 762 1148 ‘radparpr’,
787 1065 914 1129 verbum
931 1063 1101 1145 ‘caprinae’
1118 1067 1215 1130 etiam
1230 1085 1261 1134 v.
1278 1069 1346 1134 487

275 1171 304 1233 11
328 1169 382 1253 qui
404 1169 481 1235 dicit
506 1165 534 1255 ‘iq'
556 1169 686 1253 παρειὰν
707 1168 752 1254 pq*
777 1173 860 1232 πῖνε*
884 1170 932 1234 ita
955 1174 1132 1254 usurpatur,
1155 1175 1193 1236 11
1209 1172 1254 1236 ‘in
1271 1174 1347 1237 con?

274 1277 357 1341 vivic
394 1276 511 1342 adesse¹
548 1276 669 1360 proprie
704 1274 868 1359 significet.
930 1275 1070 1341 lnitialia
1104 1277 1213 1341 deinde
1248 1278 1346 1343 verba

234 1395 236 1398 ’
276 1377 430 1465 6ἐχθαίρω
454 1381 550 1446 κακδν
573 1378 682 1466 ἄνδρα’
707 1381 788 1450 baud
813 1381 905 1447 dubie
928 1382 966 1447 ab
987 1383 1050 1448 ista
1065 1382 1195 1450 muliere
1211 1382 1347 1447 eduntur

275 1488 313 1553 ad
345 1489 529 1572 captandam
562 1488 714 1554 sodalium
739 1488 994 1555 benevolentiam.
1043 1489 1084 1555 Ut
1105 1490 1189 1554 enim
1213 1484 1348 1571 ἀγαθὸς

275 1588 353 1679 ἀνήρ
385 1597 418 1660 11
440 1591 560 1673 ἐσθλὸς
582 1589 662 1679 ἀνήρ
694 1613 912 1678 nonnunquam
934 1595 1054 1665 nobiles
1076 1594 1222 1679 designat
1246 1595 1348 1672 (velut

274 1721 324 1766 vv.
339 1705 413 1780 186,
432 1705 506 1781 188,
526 1705 609 1773 1112
626 1702 663 1767 de
681 1721 717 1766 ea
734 1703 960 1786 significatione
977 1701 1110 1767 dubitari
1126 1720 1187 1795 non
1202 1701 1349 1785 poterit),

274 1808 321 1873 ita
344 1807 441 1884 κακὸς
468 1804 546 1894 ἀνὴρ
576 1810 719 1875 homines
752 1808 788 1873 de
817 1808 950 1892 plebe.¹l
997 1809 1163 1873 Praeterea
1193 1808 1348 1874 leviorem

276 1916 353 1979 haec
376 1914 488 1979 mulier
516 1935 548 1979 se
570 1915 744 1999 profitetur,
776 1915 858 1979 unde
879 1911 1008 1998 ἑταίραν
1031 1916 1122 1996 atque
1145 1914 1349 1978 meretricem

276 2041 345 2086 eam
378 2020 475 2085 fuisse
505 2024 662 2104 appareat.
710 2021 791 2087 lllud
820 2040 938 2105 quoque
962 2020 1158 2105 attenderim,
1191 2039 1252 2085 non
1277 2021 1348 2085 sine

277 2127 406 2193 consilio
436 2129 600 2212 insequens
633 2128 786 2193 distichon
817 2128 889 2193 huic
919 2128 1094 2192 subiectum
1124 2125 1230 2200 videri,
1273 2146 1348 2191 cum

275 2234 396 2299 initiale
421 2235 548 2301 verbum
571 2229 719 2317 ἐχθαίρω
741 2253 811 2298 cum
828 2253 863 2299 eo
880 2251 1040 2298 commune
1058 2232 1179 2296 habeat
1215 2232 1279 2311 Qui
1295 2252 1348 2297 vv.

275 2358 331 2424 pro
354 2361 499 2426 responso
522 2343 601 2409 mihi
624 2342 826 2424 accipiuntur,
852 2359 911 2423 quo
936 2339 1048 2404 mulier
1070 2339 1126 2404 illa
1149 2357 1226 2421 quae
1250 2335 1347 2402 modo

276 2445 929 2532 11111111111111111111111111111111(γυνὴ
943 2445 1147 2531 περίδρομος)
1159 2443 1348 2527 appelletur.

275 2553 383 2637 Neque
396 2554 636 2635 gpammaticum
648 2571 701 2618 111
713 2552 751 2617 de
764 2571 819 2617 suo
832 2552 961 2617 arbitrio
978 2551 1145 2616 subiecisse
1159 2550 1349 2615 crediderim

276 2658 329 2722 sed
356 2657 548 2724 convivalem
579 2659 786 2742 responsionis
815 2677 932 2723 morem
961 2677 1095 2740 agnosco
1120 2656 1216 2736 (conf.
1240 2654 1348 2742 515),

276 2765 320 2828 ita
355 2766 391 2828 ut
425 2764 539 2829 sodalis
574 2765 632 2830 boc
666 2783 848 2847 responsum
879 2765 1009 2841 dederit,
1045 2766 1109 2830 sive
1140 2762 1266 2827 aliunde
1289 2765 1350 2829 bos

276 2887 381 2932 versus
405 2869 637 2953 deprompserit,
663 2870 693 2936 id
715 2870 792 2952 quod
814 2872 892 2934 mihi
908 2869 1101 2948 statuitur,‘²)
1127 2868 1191 2933 sivo
1208 2870 1276 2952 ipse
1294 2889 1350 2934 eos

276 2976 492 3058 composuerit.

366 3083 460 3148 Porro
485 3083 623 3148 versibus
639 3085 793 3153 eet-64
814 3082 1011 3146 meretricem
1027 3081 1111 3164 loqui
1126 3081 1176 3145 vel
1191 3080 1349 3145 obscaene

275 3188 380 3254 ludere
411 3190 611 3255 manifestum
645 3191 702 3257 est.
760 3189 816 3254 Cui
844 3186 982 3253 initialia
1013 3206 1157 3251 versuum
1186 3189 1347 3256 571-76

276 3295 359 3361 dicta
374 3316 403 3379 q.
418 3315 442 3362 s.
485 3293 680 3379 1111111
696 3293 901 3380 προδιδοῦσιν
913 3296 1101 3376 usurpantur
1113 3297 1145 3358 et
1156 3295 1349 3360 obscaenum

275 3403 307 3465 in
333 3421 457 3466 sensum
480 3401 718 3466 transferuntur.
764 3402 803 3466 Ut
827 3402 908 3465 enim
933 3399 1078 3483 perediae
1093 3400 1201 3464 ludum
1218 3418 1349 3482 prorsus

367 3542 390 3606 ¹]
410 3538 621 3607 Apertissimum
641 3540 690 3594 boc
711 3548 753 3596 est
772 3541 800 3595 in
819 3541 950 3608 hisquae
970 3556 994 3594 v.
1016 3540 1066 3595 187
1081 3556 1119 3607 sq.
1139 3539 1285 3608 leguntur:

437 3627 499 3680 odda·
515 3628 583 3696 γυνὴ
603 3631 685 3680 κακοῦ
705 3628 805 3700 ἀνδρὸς
823 3630 963 3680 ἀναίνεται
982 3629 1052 3680 εἶναι
1071 3625 1171 3682 ἄκοιτις

471 3715 607 3783 πλουσίου,
626 3715 682 3768 dll'
704 3717 809 3787 ἀφνεὸν
826 3717 955 3785 βούλεται
973 3716 1031 3769 ἀντ’
1053 3716 1172 3785 ἀγαθοῦ.

276 3804 319 3859 Ibi
337 3804 416 3870 enim,
436 3810 468 3858 ut
487 3804 691 3872 insequentibus
710 3807 844 3869 docemur,
865 3807 897 3860 de
916 3805 951 3860 iis
970 3805 1066 3875 agitur
1084 3805 1131 3871 qui
1149 3803 1271 3870 natione,
1292 3821 1351 3861 non

275 3893 395 3947 moribus
415 3894 477 3948 boni
497 3896 538 3950 vel
557 3895 672 3963 improbi
691 3896 755 3959 sint,
775 3906 907 3964 querente
925 3900 1008 3963 poeta
1027 3897 1098 3964 quod
1112 3910 1200 3964 genna
1213 3895 1350 3951 bonorum

275 3982 331 4037 illis
350 3983 454 4051 nuptiis
473 3984 592 4052 coeperit
612 3985 802 4040 contaminari.

365 4071 389 4138 ²)
409 4072 438 4126 Si
456 4073 490 4126 ad
510 4074 580 4126 hanc
599 4072 764 4129 occasionem
784 4074 851 4127 facti
871 4079 969 4141 essent,
988 4089 1043 4127 non
1062 4071 1170 4128 virilem
1189 4070 1351 4139 cupidinem

275 4161 321 4214 ille
340 4160 387 4227 qui
406 4160 528 4228 loquitur
547 4161 630 4216 etiam
650 4162 866 4228 perstrinxisset,
885 4168 918 4216 ut
937 4162 1040 4229 opinor.
