2934 4882
276 498 292 564 ξ
315 497 353 550 17.
383 495 521 563 Quomodo
541 493 663 550 accidere
681 494 812 562 potuerit,
832 499 865 548 nt
882 500 979 550 nostra
997 495 1103 563 sylloge
1122 500 1174 549 etc.
1222 498 1263 561 73

197 692 337 750 cusanos,
372 673 444 738 inde
479 671 647 738 adelonis
682 671 875 757 temporibus
910 672 1065 754 equitibus
1096 673 1265 756 plurimum

197 780 332 846 valuisse
356 780 553 845 notissimum
577 776 667 861 est.¹)
706 777 773 842 Hoc
789 776 845 842 alii
860 777 924 842 iam
940 781 972 842 et
987 798 1085 862 nuper
1100 779 1265 845 Belochins

197 884 417 970 (Fleckeisenii
439 883 540 950 1111111.
559 885 622 952 137
640 880 802 969 [1888111.
820 884 985 961 rec-33,
1009 883 1089 951 Mus.
1107 885 1205 949 Rben.
1223 887 1266 952 50

197 1013 226 1076 p.
245 993 414 1074 250-55)
438 991 647 1067 attenderunt,
672 990 725 1072 qui
749 990 796 1055 vir
819 989 927 1054 doctus
949 991 982 1054 in
1006 1008 1042 1055 eo
1066 993 1171 1054 tamen
1187 989 1267 1056 falsa

198 1098 319 1163 ratione
343 1097 421 1161 mihi
444 1097 566 1162 videtur
589 1097 670 1179 duci,
695 1095 776 1179 quod
792 1095 933 1161 Platonis
950 1097 1165 1162 testimonium
1189 1096 1266 1162 illud

199 1221 269 1266 cum
294 1202 423 1285 vulgata
446 1203 612 1277 sententia,
645 1204 952 1284 1111011113-82
976 1202 1141 1285 adipsum
1166 1204 1268 1299 11100-

199 1309 324 1390 gnidem
349 1328 409 1374 non
434 1309 470 1373 ad
495 1309 591 1373 alium
607 1309 825 1390 Megarensem
848 1309 952 1374 nescio
971 1327 1064 1391 quem
1082 1309 1267 1386 referuntur,

199 1417 364 1481 conciliare
396 1417 509 1481 studet.
557 1415 644 1494 Quod
676 1418 711 1479 ut
741 1415 940 1498 adipiscatur,
974 1417 1114 1479 nostrum
1143 1415 1267 1497 poetam

197 1524 361 1605 postquam
389 1541 407 1585 a
431 1520 547 1585 Gelono
572 1519 744 1584 Siciliensis
767 1520 840 1584 urbs
863 1514 1041 1595 ἀνάστατος
1064 1519 1148 1584 facta
1172 1519 1267 1584 sitin

199 1627 397 1710 metropolim
428 1627 499 1691 inde
532 1645 564 1690 se
597 1627 765 1691 contulisse
795 1628 900 1710 ibique
933 1628 1033 1692 civem
1062 1627 1177 1690 lactum
1202 1645 1268 1690 esse

200 1734 321 1808 statuit,
344 1751 452 1796 versus
468 1735 573 1796 autem
592 1737 721 1798 11-14
738 1735 769 1796 01
785 1734 950 1809 tta-82,
975 1733 1086 1815 quibus
1102 1732 1269 1797 Isthmiaca

200 1841 275 1903 urbs
298 1841 401 1923 patria
425 1842 490 1904 eius
514 1842 566 1922 qui
589 1841 725 1923 loquitur
749 1841 939 1922 designatur,
964 1841 1002 1904 ab
1026 1859 1062 1903 eo
1086 1839 1185 1905 editos
1201 1857 1269 1904 esse

201 1947 361 2011 contendit
390 1949 554 2029 postquam
588 1965 624 2009 ea
656 1947 686 2009 ei
716 1947 887 2010 evenerint.
947 1945 1028 2014 Vide
1060 1965 1151 2028 quam
1183 1945 1270 2011 brevi

202 2053 350 2135 temporis
374 2050 474 2134 spatio
498 2069 595 2115 novae
618 2052 739 2134 patriae
763 2049 817 2114 ille
842 2071 874 2115 se
896 2052 1081 2116 assueverit!
1122 2051 1270 2118 Crederes

202 2174 275 2220 eum
298 2158 350 2239 qui
374 2159 541 2239 1118100.
565 2157 611 2220 ita
633 2156 783 2238 loquitur:
824 2179 827 2184 ·

765 2270 848 2336 ἀλλὰ
874 2271 924 2347 σύ,
951 2279 1054 2355 Φοῖβε,

415 2380 507 2458 ἵλαος
530 2378 679 2466 ἡμετέρην
702 2379 792 2466 τήνδε
815 2378 958 2464 φύλασσε
981 2377 1078 2442 πόλιν

203 2522 324 2588 semper
339 2506 526 2570 Isthmiacae
541 2506 628 2569 urbis
644 2505 741 2568 civem
759 2504 864 2569 fuisse.
905 2505 1063 2580 Attamen,
1089 2504 1115 2566 si
1133 2503 1270 2567 Belochii

201 2611 355 2675 rationem
391 2612 556 2693 sequimur,
592 2612 642 2674 vix
677 2610 734 2675 duo
767 2611 839 2675 anni
871 2608 1106 2692 praeterierant,
1143 2630 1179 2673 ex
1212 2629 1270 2693 quo

203 2719 340 2800 tempore
371 2718 404 2781 in
437 2736 506 2781 eam
529 2718 688 2782 civitatem
713 2719 830 2782 ascitus
855 2720 911 2785 est.
959 2717 1111 2782 Veritatis
1136 2718 1270 2801 speciem

203 2823 341 2889 desidero
372 2825 404 2888 in
436 2826 493 2888 bac
526 2825 655 2892 ratione.
703 2825 915 2889 Vetustiorem
939 2824 1036 2888 etiam
1059 2825 1271 2907 Theognidem

202 2929 363 2993 habuerim
393 2949 484 3013 qnam
509 2932 544 2994 ut
566 2932 636 2995 istis
661 2933 853 3015 temporibus
877 2933 972 2997 etiam
996 2932 1097 2996 clarus
1121 2931 1271 2997 fueritin

202 3034 288 3115 poesi
320 3054 397 3117 quae
429 3037 492 3100 iarn
523 3038 671 3103 historiae
702 3039 733 3101 in
762 3039 831 3103 luce
856 3043 1027 3106 versantur.
1073 3038 1138 3102 Nos
1162 3039 1271 3121 igitur,

298 3297 321 3364 ¹)
345 3297 521 3366 Megarenses
548 3301 578 3355 in
604 3301 639 3356 iis
665 3302 861 3370 Spartanorum
888 3301 918 3355 111
945 3301 1017 3356 bello
1043 3299 1272 3369 Peloponnesiaco

203 3381 283 3437 sociis
308 3385 479 3454 Thucydides
502 3388 568 3444 119
595 3395 729 3447 memorat
757 3388 803 3457 qui
828 3390 934 3458 equites
959 3390 1048 3444 nullos
1071 3388 1270 3458 perhibuerint.

205 3473 310 3527 Contra
328 3475 511 3545 Syracusanos
530 3477 658 3545 equitatu
677 3478 793 3532 multum
814 3477 932 3532 valuisse
946 3477 1127 3534 Athenienses
1145 3478 1174 3532 in
1193 3493 1272 3545 expe·

205 3560 310 3617 ditione
330 3564 393 3618 anni
412 3566 464 3620 413
485 3574 629 3622 senserunt
648 3567 782 3634 (Thucyd.
803 3566 843 3620 VI
856 3567 912 3635 20).
950 3565 993 3620 Cf.
1012 3566 1122 3622 Pindar.
1142 3566 1183 3623 01.
1203 3568 1228 3634 1,
1239 3567 1272 3621 35

204 3648 263 3718 (ubi
283 3649 428 3708 Hieronem
447 3655 542 3722 (1101111
563 3654 733 3722 Συρακόσιον
752 3654 927 3727 ἱπποχάρμαν
945 3654 1067 3723 βασιλῆα,
1088 3656 1118 3712 P.
1136 3657 1160 3719 2,
1176 3659 1186 3710 l
1201 3671 1272 3723 sqq:

205 3736 409 3807 Μεγαλοπόλιεο
436 3733 459 3790 ιδ
486 3740 645 3809 Συράκοσαι,
672 3740 870 3806 βαθυπολέμου
898 3747 1009 3809 τέμενος
1033 3739 1139 3813 Ἄρεος,
1163 3738 1274 3812 ἀνδρῶν

204 3830 298 3878 ἵππιον
326 3849 355 3879 τε
384 3827 583 3898 σιδαροχαρμᾶν
608 3827 746 3893 δαιμόνιαι
770 3835 878 3899 τροφοί,
906 3831 1032 3898 Bacchyl.
1061 3845 1142 3884 earm.
1169 3831 1184 3882 b
1211 3829 1272 3884 init.

202 3915 321 3984 (Blass):
345 3914 462 3987 Εὔμοιρε
481 3919 658 3986 Συρακοσίων
676 3914 864 3983 ἱπποδινήτων
884 3923 1023 3988 στραταγέ.
1061 3918 1181 3974 Videtur
1198 3918 1272 3986 equi·

205 4008 283 4058 tatus
295 4005 350 4060 iam
363 4006 392 4060 in
402 4005 587 4074 Hippocratis,
601 4005 685 4061 Gelae
695 4006 815 4074 tyranni,
829 4007 953 4062 exercitu
965 4024 1018 4061 non
1032 4007 1134 4062 nullius
1143 4008 1274 4062 momenti

205 4089 298 4159 fuisse,
326 4093 373 4160 qui
398 4093 526 4150 Gelonem
554 4101 667 4163 propter
695 4095 829 4150 virtutem
856 4096 970 4165 dignum
996 4096 1102 4165 habuit,
1130 4096 1176 4164 qui
1201 4096 1273 4151 omni

205 4179 344 4246 equitatui
361 4190 500 4251 praeesset
519 4185 632 4254 (Herod.
654 4183 710 4239 Vll
730 4186 805 4255 154).
