2934 4882
543 484 559 550 ξ
579 482 603 537 7.
634 484 801 553 Symposiaci
820 501 923 541 versus.
1223 494 1262 556 31

198 660 316 739 Quibus
344 661 421 726 adde
445 663 526 745 quod
549 663 757 747 Xenophanes
781 664 797 729 1
811 716 818 732 .
845 671 875 742 1,
902 668 942 734 13
967 686 1034 751 sqq.
1057 684 1106 747 ap.
1131 667 1210 749 ng.
1234 669 1265 732 in

198 764 403 848 descriptione
427 767 585 831 convivali
608 767 656 832 ita
678 768 829 851 loquitur:

287 870 345 957 χρὴ
368 870 402 935 δὲ
425 881 553 959 πρῶτον
575 872 633 955 μὲν
657 873 738 939 θεὸν
760 870 866 955 ὑμνεῖν
888 871 1044 959 εὔφρονας
1066 868 1184 961 ἄνδρας

331 971 490 1061 εὐφήμοις
512 976 635 1058 μύθοις
657 979 711 1043 καὶ
734 983 911 1063 καθαροῖσι
933 975 1050 1063 λόγοις.

287 1087 479 1160 σπείσαντας
503 1082 537 1147 δὲ
560 1084 614 1147 καὶ
636 1079 828 1167 εὐξαμένους
850 1084 891 1147 τὰ
915 1083 1024 1148 δίκαια
1047 1082 1209 1149 δύνασθαι

331 1184 483 1272 πρήσσειν
500 1235 1095 1258 ........................

288 1340 470 1361 ........
489 1298 593 1358 πίνειν
616 1290 739 1360 ὁπόσον
761 1319 813 1359 κεν
835 1294 916 1376 ἔχων
939 1291 1068 1381 ἀφίκοιο

332 1394 434 1462 οἴκαδ’
457 1396 533 1464 ἄνευ
557 1401 738 1486 προπόλου.

197 1506 413 1590 Respiciamus
436 1505 568 1590 denique
592 1509 671 1592 quod
687 1509 777 1574 Plato
801 1510 910 1574 scribit
933 1510 964 1573 in
981 1509 1085 1593 Symp.
1102 1530 1131 1593 p.
1151 1511 1214 1577 176
1232 1529 1265 1574 a:

244 1608 386 1687 σπονδάς
421 1611 455 1674 τὲ
486 1615 571 1696 σφᾶς
601 1612 806 1701 ποιήσασθαι
837 1615 891 1677 καὶ
921 1612 1064 1701 ᾄσαντας
1095 1615 1151 1680 τόν
1185 1615 1265 1678 θεὸν

243 1715 298 1778 καὶ
320 1707 422 1779 τᾶλλα
445 1717 485 1782 τό
509 1720 701 1801 νομιζόμενα
723 1724 906 1806 τρέπεσθαι
929 1721 1012 1807 πρός
1034 1720 1089 1785 τόν
1112 1719 1222 1786 πότον.

456 1931 538 2016 57.
574 1932 826 2018 Symposiaci
849 1904 1036 2003 versus(

287 2055 489 2122 Inveniuntur
520 2059 602 2124 inber
634 2079 686 2124 eos
715 2079 822 2124 1111111
855 2060 1007 2143 aquibus
1031 2059 1127 2142 Cyrni
1154 2076 1264 2123 nomen

198 2162 285 2224 abest
308 2161 361 2242 qui
384 2163 577 2228 convivalem
601 2184 690 2230 usum
714 2167 860 2249 tanquam
892 2184 965 2248 prae
989 2185 1022 2230 ae
1046 2164 1163 2240 ferant,
1195 2183 1266 2228 curn

197 2267 231 2330 in
246 2266 286 2329 iis
303 2267 357 2329 aut
372 2268 570 2334 combibones
586 2271 779 2353 appellentur
795 2275 851 2335 aut
866 2273 988 2335 omnino
1004 2272 1037 2335 in
1056 2289 1128 2334 eum
1140 2269 1266 2335 modurn

198 2370 292 2435 verba
322 2368 414 2447 fiant,
448 2374 588 2438 convivio
620 2376 654 2438 11
684 2375 835 2440 interesse
866 2374 1008 2440 videatur
1040 2377 1092 2457 qui
1119 2375 1264 2458 loquitur.

199 2478 282 2556 Quos
316 2477 384 2542 sine
418 2477 482 2542 ulla
517 2477 709 2544 dubitatione
741 2477 892 2543 convivali
925 2479 997 2542 usui
1030 2477 1264 2554 vindicabimus,

198 2582 465 2665 symposiaeorum
481 2583 604 2648 nomine
621 2603 673 2649 eos
686 2583 987 2669 comprehendentes.
1011 2584 1116 2667 Atque
1131 2583 1267 2668 primum

199 2688 322 2771 quidem
344 2689 376 2753 in
402 2708 509 2755 eorum
532 2711 659 2756 numero
682 2692 739 2757 hos
762 2691 914 2774 ponimus,
939 2689 1108 2773 dequibus
1132 2689 1267 2755 dubitari

198 2813 258 2860 non
281 2796 411 2878 poterit:

199 2903 357 2971 467-96:
382 2899 1265 2992 Μηδένατώνόόῗέκονιαμένεινκατέροκεπαρ’ἡμῐν,κτλ.

480 3011 553 3091 (Qui
590 3032 638 3077 vv.
667 3010 763 3077 etiam
796 3012 834 3077 ob
870 3031 939 3077 earn
971 3030 1036 3076 rem
1072 3012 1141 3095 quia
1176 3030 1266 3094 prae·

435 3116 524 3197 cepta
547 3115 588 3179 iis
612 3115 723 3180 dantur
745 3118 828 3180 inter
843 3115 1015 3181 convivalia
1030 3117 1169 3182 carmina
1185 3115 1266 3181 reie-

434 3221 521 3284 111111
544 3225 624 3299 sunt,
649 3221 687 3289 cl.
712 3219 771 3306 §2
796 3223 828 3284 et
847 3221 894 3302 3.)

200 3324 368 3392 503-08:
395 3321 573 3413 Οἰνοβαρέιο
603 3325 753 3412 κεφαλήν,
775 3322 984 3411 ’ονομόκρι11,
1016 3329 1070 3389 καί
1092 3348 1132 3407 με
1154 3329 1267 3407 βιᾶται

436 3424 528 3508 σίνος,
553 3433 620 3495 κτλ.

200 3536 354 3604 vav—68
378 3537 489 3621 (Cuius
512 3540 635 3622 ecloges
666 3540 835 3606 convivalis
863 3541 943 3605 ratio
967 3541 1016 3605 his
1039 3539 1140 3604 verbis
1164 3538 1266 3604 decla·

434 3646 521 3709 ratur
545 3664 622 3728 quae
643 3645 715 3709 inde
739 3664 809 3709 av.
835 3647 899 3713 762
922 3644 1084 3728 leguntur:

479 3746 570 3836 ἡμεῖς
592 3748 625 3813 δὲ
649 3748 791 3826 σπονδὰς
814 3752 940 3814 θεοῖσιν
963 3747 1172 3834 ἀρεσσάμενοι

435 3859 585 3938 πίνωμεν,
610 3860 759 3941 χαρίεντα
781 3851 850 3936 μετ’
873 3852 1039 3942 ἀλλήλοισι
1061 3855 1212 3939 λέγοντες,

479 3962 576 4050 μηδὲν
598 3962 654 4029 τόν
676 3960 796 4048 Μήδων
819 3959 970 4038 δειδιότες
993 3961 1158 4046 πόλεμον.)
1170 3961 1194 4044 ¹)

291 4085 312 4154 ¹)
332 4086 450 4154 Propter
463 4087 514 4141 hoc
526 4086 699 4142 enuntiatum
712 4085 797 4141 etiam
809 4100 904 4140 verane
913 4084 1037 4140 rra-82
1049 4084 1086 4138 ad
1098 4082 1266 4138 convivalem

198 4186 278 4227 usum
306 4174 395 4230 editos
422 4191 480 4230 esse
506 4175 668 4242 existimem,
696 4174 795 4243 quibus
822 4174 890 4229 item
914 4172 1047 4228 1111111111
1073 4171 1137 4226 belli
1162 4169 1267 4226 Persici
