2934 4882
422 460 438 526 ἕ
458 459 500 513 14.
529 459 595 514 (lum
614 459 770 514 variatione
787 458 884 515 iterati
902 476 1005 516 versus.
1205 467 1245 530 51

57 678 60 686 -
179 637 282 700 textus
317 635 450 701 formam
484 639 676 719 acceperunt.
723 638 832 720 ltaque
866 637 996 703 minime
1026 640 1132 717 miror,
1167 641 1247 719 quod

180 741 331 824 quaedam
359 761 436 824 qnae
465 743 563 826 ipsius
585 745 710 809 nostrae
734 742 869 826 sylloges
894 750 968 808 sunt
990 747 1111 812 vanata
1133 748 1247 812 iterum

179 848 211 911 in
243 866 279 912 ea
310 850 440 913 exstant
489 848 615 913 Etenim
645 848 774 914 liberius
805 848 927 914 sodales
958 850 998 916 iis
1028 852 1075 916 uti
1108 853 1248 919 solebant

180 972 256 1036 quae
280 954 361 1036 apud
384 972 437 1019 eos
459 955 492 1030 in
517 974 574 1020 usu
598 958 697 1032 erant,
721 973 819 1038 neque
842 955 874 1020 id
898 958 1074 1034 tenuerunt,
1098 960 1248 1042 utquam

181 1061 414 1130 accuratissime
437 1064 555 1127 textum
580 1062 749 1126 servarent.
782 1061 882 1140 Quem
905 1081 965 1128 non
988 1063 1073 1127 omni
1095 1064 1199 1147 potori
1214 1056 1248 1128 i'n

180 1169 324 1250 promptu
356 1166 453 1233 fuisse
476 1170 593 1251 poteris
616 1169 776 1254 suspicari.
824 1167 885 1232 Sed
908 1168 1073 1233 noluerunt
1096 1171 1193 1234 etiam
1215 1170 1248 1234 in

181 1290 217 1337 ea
232 1291 265 1338 re
280 1291 406 1357 operam
421 1269 609 1358 impendere,
633 1273 735 1357 idque,
760 1273 873 1350 credo,
886 1293 921 1339 eo
936 1277 1039 1358 magis
1055 1277 1248 1359 spreverunt,

180 1398 241 1462 quo
271 1380 333 1462 ipsi
363 1382 460 1446 etiam
486 1381 591 1445 minus
618 1383 759 1462 expertes
786 1378 903 1444 fuerint
926 1383 1076 1448 scientiae
1098 1383 1246 1467 poeticae.

182 1487 224 1552 Ut
259 1487 341 1550 enim
375 1488 439 1551 iam
473 1487 505 1550 in
543 1485 734 1562 Archilochi,
769 1487 907 1569 Tyrtaei,
944 1487 1076 1553 aliorum
1109 1492 1249 1554 veterum

180 1593 343 1675 poetarum
355 1592 466 1675 elegiis
478 1593 645 1657 Homerica
658 1590 742 1656 dicta
753 1595 952 1675 usurpantur,
970 1594 1015 1658 ita
1027 1595 1093 1659 sine
1106 1594 1248 1678 scrupulo

113 1681 115 1684 ⁵
181 1699 297 1780 posteri
313 1699 351 1762 ah
368 1699 432 1763 illis
449 1697 597 1782 quaedam
615 1700 824 1780 sumpserunt,
841 1717 921 1781 quae
937 1700 1065 1764 metrice
1078 1699 1249 1782 composita

181 1805 243 1869 iam
275 1807 374 1870 erant.
420 1808 525 1889 Atque
556 1804 603 1869 illi
626 1805 679 1887 qui
702 1805 735 1868 in
760 1805 865 1869 nostra
890 1825 915 1870 s.
938 1804 1107 1888 loquuntur
1130 1804 1249 1870 abunde

180 1911 245 1976 iam
260 1930 337 1994 quae
354 1910 521 1977 clariorum
536 1913 699 1994 poetarum
716 1911 835 1975 suntin
851 1930 942 1975 suum
954 1930 1046 1976 usum
1057 1914 1248 1980 convertunt.

183 2016 287 2094 Velut,
318 2018 355 2081 ut
384 2036 484 2099 pauca
516 2016 654 2092 afferam,
685 2015 874 2112 pentametri
902 2016 1003 2080 exitus
1027 2036 1055 2099 q.
1079 2035 1106 2083 e.
1130 2006 1264 2095 αὐχένα

182 2123 275 2204 λοξὸν
301 2120 367 2203 ἕχει
390 2132 422 2187 et
445 2122 524 2206 apud
548 2123 716 2206 Tyrtaeum
741 2122 874 2186 occurrit
898 2120 949 2206 (fr.
977 2127 1029 2200 11,
1053 2125 1073 2191 2
1097 2123 1193 2208 Bglr.)
1217 2127 1250 2189 et

183 2231 245 2297 alio
276 2248 367 2295 sensu
395 2232 520 2295 nostrae
547 2248 571 2293 s.
595 2246 686 2292 versu
711 2228 792 2302 5363
823 2227 995 2293 hexametri
1017 2228 1143 2293 initium
1166 2249 1194 2312 q.
1221 2248 1247 2294 e.

183 2333 335 2422 ἀνδράσιν
357 2330 409 2423 ἠὸὲ
432 2337 571 2418 γυναιξίν
593 2336 625 2398 et
647 2332 966 2415 apudMimnermum
986 2332 1087 2417 (11.1,
1112 2332 1246 2417 hssgk.)

183 2447 217 2510 et
236 2447 363 2509 ‘nostrae
387 2443 578 2516 s.v.1067;
602 2440 790 2524 pentametri
806 2439 889 2503 dicta
909 2433 1096 2523 ἀνθρώπων
1112 2431 1250 2515 ὁπόσους

182 2546 288 2639 ἠέλιος
310 2551 450 2632 καθορᾷ,
475 2566 552 2631 quae
576 2565 700 2611 versum
726 2545 789 2615 168
812 2545 937 2609 nostrae
962 2564 984 2608 s.
1003 2543 1153 2621 efficiunt,
1178 2563 1250 2609 con-

183 2656 300 2723 similia
331 2656 405 2720 sunt
435 2654 480 2718 eis
511 2652 622 2735 quibus
646 2643 739 2716 Solon
771 2650 869 2714 utitur
893 2668 964 2712 cum
988 2648 1063 2714 dicit
1086 2648 1126 2714 fr.
1153 2654 1205 2727 14,
1230 2652 1250 2717 2

182 2763 294 2848 (ng.)
328 2757 422 2836 ὅσους
455 2757 596 2843 θνητούς
629 2750 732 2841 ἠέλιος
766 2756 904 2838 καθορᾷ.
952 2753 1040 2832 Quod
1071 2752 1182 2818 deinde
1212 2754 1250 2819 ad

183 2866 395 2950 Theognidem
419 2865 543 2940 attinet,
567 2861 618 2926 vix
640 2859 786 2925 credibile
810 2861 858 2923 est
882 2877 952 2922 eum
976 2877 1031 2923 sua
1054 2859 1151 2942 ipsius
1168 2861 1250 2926 diota

182 2993 261 3060 qnae
292 2975 327 3037 in
361 2971 463 3054 elegia
482 2955 536 3035 ad
571 2967 708 3051 Cyrnum
743 2965 817 3030 data
851 2984 879 3028 v.
918 2966 980 3032 189
1015 2983 1059 3047 sq.
1092 2964 1249 3046 leguntur,

184 3082 252 3146 dico
276 3080 370 3146 verba

274 3186 328 3249 καὶ
351 3181 385 3248 ἐκ
408 3184 506 3248 κακοῦ
530 3178 648 3256 ἐσθλὸς
670 3178 783 3265 ἔγαμεν
803 3177 807 3264 l
828 3177 883 3239 καὶ
905 3174 1003 3251 κακὸς
1025 3150 1071 3252 ἐξ,
1082 3170 1221 3258 ἀγαθοῦ,

185 3297 266 3358 hunc
287 3294 319 3357 in
341 3293 468 3358 modum
491 3311 519 3355 v.
544 3290 698 3358 661-62
722 3285 899 3351 refinxisse:
923 3288 925 3291 ’

273 3399 327 3463 καὶ
350 3395 384 3461 ἐκ
408 3400 509 3459 κακοῦ
532 3389 654 3458 ἐσθλὸν
676 3390 791 3474 ἔγεντο,
813 3388 817 3475 l
838 3389 892 3452 καὶ
916 3385 1012 3450 κακὸν
1034 3384 1067 3466 ἐξ
1087 3383 1228 3471 ἀγαθοῦ,

183 3505 241 3573 sed
273 3507 312 3572 ad
343 3508 502 3588 posterum
528 3502 719 3566 imitatorem
743 3499 819 3562 haec
842 3495 1023 3573 referemus,
1057 3495 1106 3559 cui
1129 3496 1251 3579 saepius

183 3613 291 3680 audita
314 3633 351 3678 ea
374 3611 458 3675 diota
478 3609 583 3674 animo
599 3606 763 3672 obversata
779 3605 851 3668 sint.
886 3601 1038 3667 Similiter
1053 3602 1251 3686 Theognidea

182 3739 329 3786 versuum
353 3718 485 3786 27-28
510 3714 592 3779 dicta
615 3734 644 3797 q.
670 3733 695 3777 s.

275 3824 330 3894 Σοὶ
361 3821 388 3887 d’
412 3819 474 3905 ἐγώ
496 3811 531 3885 εὖ
558 3823 699 3906 φρονέων
727 3813 950 3903 ὑποθήσομαι,
982 3808 1036 3877 οἶά
1060 3836 1121 3898 περ
1145 3808 1250 3889 αὐτός,

318 3925 422 4015 Κύρν’,
447 3924 517 3991 ἀπὸ
540 3932 603 3989 τῶν
625 3919 762 4008 ἀγαθῶν
784 3932 865 3998 παῖς
888 3916 930 3983 ἕν’
957 3916 1017 3983 ἐών
1040 3917 1167 4000 ἔμαθον

182 4037 275 4102 initio
303 4056 448 4101 versuum
480 4036 654 4103 1049÷54
687 4031 725 4095 ab
754 4049 789 4095 eo
813 4029 866 4112 qui
889 4028 1025 4110 loquitur
1048 4026 1251 4109 retinguntur,

183 4144 238 4210 nbi
261 4143 412 4227 legimus:
1055 4224 1089 4292 4*
