2934 4882
202 457 245 520 34
548 454 564 520 θ
583 452 608 506 7.
636 451 803 521 Symposiaei
822 466 925 507 versus.

200 632 306 695 vinnm
331 633 364 696 et
386 630 533 696 landatur
556 632 589 695 et
618 631 823 714 vituperatur.
871 629 957 696 Mala
988 631 1021 695 et
1042 649 1092 694 vv.
1116 629 1273 696 eet-98

201 736 393 821 depingunt,
425 738 478 821 qui
508 737 640 803 nimium
672 737 804 803 bibendo
835 737 991 802 hominem
1023 735 1172 800 leviorem
1205 734 1273 799 tleri

201 850 335 907 mouent.
400 841 590 921 Quibuscum
634 844 782 925 quattuor
820 843 1016 925 insequentes
1054 841 1271 925 (see-502)

102 988 104 992 -
200 938 414 1022 consentiunt,
448 948 560 1030 quibus
592 946 686 1012 etiam
718 949 749 1012 in
782 948 855 1014 vino
888 949 1054 1013 veritatem
1085 966 1155 1012 esse
1185 966 1271 1013 com-

199 1053 345 1136 perimus,
369 1071 467 1135 neque
491 1052 591 1118 aberit
613 1072 632 1118 a
655 1072 688 1117 re
708 1052 889 1118 meminisse
906 1053 986 1137 quod
1000 1053 1083 1118 idem
1099 1053 1139 1119 ab
1156 1053 1270 1120 Alcaeo

199 1160 391 1242 exprimitur,
415 1178 485 1224 cum
509 1158 585 1224 dicit
608 1157 661 1242 (fr.
687 1162 729 1228 53
753 1159 860 1242 Bglr.):

249 1295 252 1300 ·
291 1258 464 1349 Οἶνας-γᾶρ
487 1260 680 1349 ἀνθρώποις
703 1261 862 1346 ὄίονιτρον.

199 1369 401 1438 Oonvivalenr
424 1372 509 1437 enim
533 1374 564 1436 et
587 1371 670 1436 illius
692 1375 802 1454 poetae
825 1392 949 1438 omnem
979 1371 1096 1456 poesim
1124 1371 1269 1455 agnosci-

198 1496 285 1558 mus,
332 1479 419 1544 euius
457 1498 475 1543 a
514 1478 701 1560 fragmentis
740 1498 810 1542 eum
859 1479 921 1544 alia
959 1499 1036 1564 quae
1074 1477 1268 1543 convivalem

199 1586 353 1650 rationem
387 1585 519 1668 prodant
551 1586 635 1668 (dico
667 1584 871 1659 cccccccccc,
905 1589 1070 1670 προοίμια,
1103 1602 1182 1668 quae
1206 1585 1268 1648 iam

199 1690 389 1755 attendimus
422 1692 456 1773 [ᾖ
480 1694 500 1757 4
525 1695 556 1754 et
579 1692 632 1772 6],
666 1685 814 1774 ἐρωτικά,
847 1710 926 1774 quae
957 1690 1038 1756 infra
1066 1687 1101 1778 [ξ
1123 1691 1160 1772 9]
1184 1689 1268 1754 vide-

198 1795 326 1880 bimus),
351 1797 419 1860 tum
442 1795 628 1879 symposieci
652 1814 760 1860 versus
783 1795 1019 1879 haudquaquam
1043 1796 1166 1861 absunt.

287 1902 323 1965 Iu
362 1902 563 1985 symposiacis
599 1904 631 1966 et
665 1921 702 1966 ea
735 1901 828 1967 liceat
861 1921 972 1985 ponere
1007 1921 1086 1985 quae
1120 1903 1267 1967 iuvenum

198 2008 311 2071 animis
327 2007 558 2072 accommodata
575 2007 647 2076 sint.
676 2009 720 2071 lix
735 2008 902 2073 Iuvenibus
919 2010 1001 2073 enirn
1016 2009 1182 2092 praecipue
1195 2028 1267 2074 con·

197 2113 298 2178 vivale
313 2112 480 2195 collegium
505 2113 683 2178 constitisse
699 2132 805 2179 versus
822 2117 887 2183 983
904 2135 968 2199 sqq.
985 2115 1179 2199 patefaciunt
1195 2135 1226 2198 q.
1242 2135 1267 2181 s.

286 2215 392 2300 Ἡμεῖς
415 2215 442 2281 d'
468 2217 499 2282 ἐν
521 2220 660 2304 θαλίῃσι
683 2220 779 2303 φίλον
802 2219 1030 2302 καταθώμεθα
1054 2219 1172 2302 θυμόν,

333 2322 406 2411 ὄφρ’
430 2324 479 2390 ἔτι
502 2328 666 2414 τερπωλῆς
689 2323 751 2411 ἕρμ’
778 2324 922 2409 ἐρατεινὰ
947 2333 1045 2412 φέρῃ·

286 2427 374 2517 αἶψα
397 2433 457 2517 γὰρ
481 2429 561 2496 ὥστε
585 2431 687 2518 νόημα
710 2435 906 2515 παρέρχεται
929 2426 1049 2512 ἀγλαὸς
1072 2427 1151 2517 ἥβη·
1176 2432 1243 2495 κτλ.

197 2541 280 2619 Quos
314 2557 421 2602 versus
455 2539 487 2602 in
522 2539 662 2604 convivio
698 2538 846 2603 recitatos
881 2557 948 2602 esse
982 2539 1031 2602 vel
1065 2539 1139 2604 iude
1174 2538 1267 2604 alicui

196 2647 353 2727 appareat,
386 2644 464 2726 quod
495 2643 650 2725 incipiunt
672 2662 691 2708 a
715 2661 789 2709 voce
819 2637 918 2728 ἡμεῖς.
966 2643 1033 2722 Qua
1056 2643 1267 2727 appellatione

197 2753 294 2815 etiam
318 2749 371 2813 ille
394 2748 494 2812 utitur
517 2750 570 2830 qui
593 2768 642 2816 vv.
661 2750 814 2817 ver-68
838 2748 984 2831 loquitur,
1009 2767 1107 2832 neque
1129 2750 1267 2815 dubitari

194 2859 308 2940 potest,
342 2855 415 2938 quin
438 2855 579 2920 combibe
603 2855 648 2919 ibi
671 2855 838 2936 collegium
862 2855 1020 2920 convivale
1052 2857 1086 2920 in
1105 2876 1176 2940 quc
1200 2858 1266 2940 ipse

194 2964 336 3028 versetur
366 2962 412 3026 ita
444 2960 590 3045 appellet.
641 2962 723 3026 Dicit
755 2962 838 3025 enim
870 2981 900 3026 v.
932 2964 996 3031 762
1026 2981 1071 3045 sq.
1118 2959 1210 3049 ἡμεῖς
1233 2963 1267 3027 δὲ

196 3119 334 3137 .....
342 3053 350 3063 ”
378 3071 527 3147 πίνωμεν.
589 3068 718 3133 Iuvenes
757 3067 932 3134 convivales
970 3067 1065 3133 fuisse
1103 3074 1269 3152 praeterea

194 3197 241 3241 vv.
271 3177 355 3245 1063
380 3193 444 3259 sqq.
470 3194 526 3240 nos
550 3175 678 3240 edocent
701 3194 731 3258 q.
757 3195 780 3240 s.

199 3330 207 3345 .
280 3279 335 3345 Ἐν
357 3278 383 3343 d'
410 3277 472 3363 ἥβῃ
495 3279 587 3365 τιάρα
610 3280 667 3361 μὲν
690 3279 747 3359 §dv
770 3275 899 3364 ὁμήλικι
922 3281 982 3343 καλ
1005 3273 1072 3343 λῖθ’
1099 3278 1213 3358 εὕδειν,

328 3384 464 3469 ἱμερτιῦν
486 3382 585 3468 ἔργων
608 3383 642 3462 ἐξ
665 3382 736 3469 ἔρον
759 3383 888 3465 ἱέμενον,

282 3488 351 3552 ἔστι
374 3487 408 3551 dd
431 3487 619 3568 κωμάζοντα
642 3484 711 3569 μετ’
735 3484 910 3575 αὐλητῆρος
933 3483 1059 3554 ἀείδειν.
1095 3493 1164 3556 κτλ.

193 3597 240 3661 lbi
264 3592 421 3674 κωμάζειν
443 3595 559 3659 artiore
583 3612 618 3659 eo
642 3614 733 3659 sensu
757 3597 896 3678 accipere
920 3596 1031 3677 possis,
1055 3600 1092 3661 ut
1108 3600 1152 3664 sit
1168 3606 1267 3666 ‘com-

193 3701 338 3776 missari’,
362 3737 406 3744 —
429 3703 521 3784 atque
544 3701 625 3764 iuter
648 3703 884 3767 commissautes
912 3700 1015 3766 nullos
1045 3704 1107 3768 nisi
1135 3706 1269 3772 iuvenes

194 3808 290 3873 fuisse
323 3807 473 3872 facillime
504 3809 611 3873 credas
619 3808 643 3893 ¹)
674 3846 710 3856 -
738 3831 925 3894 quamquam
958 3830 1018 3876 uon
1051 3816 1269 3880 necessarium

287 3966 305 4033 ¹)
326 3964 402 4018 (loni.
423 3967 494 4033 quod
513 3966 649 4021 Hesiodus
675 3967 742 4022 dicit
768 3969 844 4022 Souti
863 3986 888 4022 v.
908 3969 958 4022 281
986 3971 1043 4018 νέον
1066 3968 1201 4035 κώμαζον
1220 3970 1268 4024 ὑπ’

191 4051 281 4107 αὐλοῦ.
320 4053 377 4121 Quo
396 4055 464 4122 loco,
490 4071 550 4109 cum
576 4055 703 4110 iuvenum
728 4073 869 4125 processus
896 4056 1070 4112 describatur
1095 4074 1121 4112 v.
1143 4060 1206 4124 284,
1235 4063 1271 4117 de

191 4144 315 4198 convivio
335 4143 455 4213 cogitari
473 4160 526 4198 non
545 4151 645 4212 potest.
