2934 4882
247 445 289 508 48
658 441 674 508 ᾗ
696 439 736 493 13.
766 437 909 494 Parodias.

254 680 258 694 ,,
339 673 344 685 ,
370 671 378 686 .
404 673 411 688 ,
436 621 541 682 πίνειν
563 617 617 681 καί
640 617 768 697 παίζειν
790 617 844 680 καί
867 616 907 679 noi
932 615 1041 679 δίκαια
1065 626 1193 700 φρονεῖν

249 727 281 790 et
305 724 358 806 (fr.
382 727 413 802 2,
438 728 457 792 7
482 724 595 806 ng.):

340 882 346 897 .
374 882 381 898 .
406 883 413 899 .
438 834 589 911 πίνωμεν,
614 828 780 909 παίζωμεν
793 850 801 866 ·
814 824 872 890 ἴτω
896 826 950 891 διὰ
973 826 1083 904 νυκτὸς
1106 822 1208 912 ἀοιδὴ.

250 956 392 1022 Carmine
423 957 529 1019 autem
560 957 713 1037 cantuque
744 972 796 1019 eos
828 952 941 1017 lusisse
973 956 1110 1036 apparet,
1143 954 1170 1017 si
1194 953 1323 1035 quidem

250 1059 403 1124 Pindarus
427 1058 477 1122 Ol.
505 1064 534 1140 t,
558 1061 599 1127 21
625 1077 689 1141 sqq.
714 1059 760 1122 ita
783 1057 820 1122 de
843 1058 977 1124 Hierone
1000 1059 1152 1143 loquitur:

571 1175 760 1264 ἀγλαΐζεται
783 1179 818 1244 δὲ
840 1183 895 1243 καί

569 1296 725 1369 μουσικοῖς
748 1283 781 1350 ἒν
803 1282 907 1366 ἀώτῳ,

572 1389 626 1457 οἶα
649 1392 806 1472 παίζομεν
829 1392 927 1477 φίλαν
973 1470 976 1477 ¹

572 1496 683 1582 ἄνδρες
705 1492 791 1583 ἀμφὶ
814 1496 911 1577 θαμὰ
935 1493 1105 1580 τράπεζαν.

342 1621 459 1706 Quodsi
494 1624 653 1707 quaeritur
688 1621 840 1705 quomodo
875 1641 912 1686 ea
946 1640 979 1685 se
1010 1622 1176 1687 habuerint
1207 1622 1327 1705 quibus

253 1731 387 1796 luserint
419 1733 452 1795 in
488 1730 647 1806 conviviis,
683 1730 819 1812 primum
854 1727 981 1811 quidem
1015 1728 1167 1793 amatoria
1201 1728 1330 1793 cantica

254 1839 366 1904 debeas
397 1839 456 1902 buc
479 1837 604 1912 referre,
640 1837 667 1899 si
691 1836 817 1918 quidem
840 1835 1046 1899 Anacreontis
1069 1835 1197 1916 poesim,
1230 1853 1331 1917 quam

254 1944 436 2009 amatoriam
450 1943 483 2006 et
494 1939 587 2005 simul
599 1939 793 2006 convivalem
805 1939 901 2004 fuisse
914 1939 1048 2025 snpra(§
1058 1942 1092 2020 9)
1100 1940 1330 2016 intelleximus,

255 2049 350 2113 etiam
367 2048 516 2113 Horatius
539 2049 649 2133 (carm.
665 2053 697 2129 4,
719 2051 751 2126 9,
768 2049 803 2133 9)
827 2050 873 2114 ita
896 2049 1033 2126 denotat,
1057 2051 1093 2112 ut
1117 2069 1187 2113 eum
1210 2049 1332 2113 lusisse

256 2155 339 2220 dicad
362 2174 398 2219 ea
422 2174 500 2238 quae
517 2157 679 2223 cecinerat.
711 2157 815 2220 lltiam
829 2155 942 2221 hilaria
957 2158 1051 2240 atque
1066 2157 1169 2220 iocosa
1184 2155 1332 2220 carmina

255 2261 488 2345 designabimus
519 2280 599 2345 quae
630 2263 689 2326 buc
719 2260 839 2326 cadant.
885 2260 971 2340 Quod
1003 2280 1101 2342 genus
1124 2263 1160 2324 ut
1183 2259 1332 2343 exemplo

254 2367 435 2444 illustretur,
459 2369 599 2433 Atticum
624 2368 754 2434 acolium
776 2371 818 2437 21
845 2368 903 2453 (24
929 2367 1023 2450 ng.)
1046 2368 1200 2450 ponimus.

341 2487 381 2557 ‘A
402 2483 439 2570 ὗς
462 2493 520 2557 τάν
544 2491 682 2576 βάλανον
701 2492 760 2556 τᾶν
775 2492 833 2574 μὲν
849 2491 923 2572 ἔχει,
948 2492 1008 2556 ταν
1024 2487 1051 2554 δ’
1066 2489 1179 2578 ἔραται
1194 2491 1332 2575 λαβεῖν·

345 2595 433 2682 κάγώ
456 2599 560 2662 παῖδα
581 2598 679 2685 καλὴν
702 2599 756 2686 τὴν
776 2598 834 2680 μὲν
853 2596 926 2679 ἔχω,
950 2598 1006 2685 τὴν
1025 2593 1054 2661 d'
1069 2597 1186 2682 ἔραμαι
1205 2599 1331 2682 λαβεῖν.

257 2725 370 2789 locosis
399 2726 528 2788 canticis
553 2727 585 2788 et
608 2724 742 2789 ludicras
766 2726 918 2790 seriorum
941 2725 1113 2789 carminum
1133 2724 1334 2790 imitationes

257 2832 467 2907 attribuimus,
499 2851 575 2914 quas
598 2832 741 2914 parodias
765 2851 918 2898 vocamus.
967 2831 1051 2910 Quae
1073 2829 1222 2914 perfacile
1245 2831 1335 2896 inter

258 2938 430 3003 convivalia
459 2938 580 3002 cantica
613 2939 716 3002 enasci
745 2941 922 3022 potuerunt,
954 2938 1064 3021 quibus
1093 2936 1124 3002 id
1154 2936 1334 3020 antiquitus

258 3044 426 3127 contigisse
448 3044 588 3127 proxima
611 3027 805 3128 paragrapho
826 3045 1008 3122 videbimus,
1033 3045 1078 3122 nt,
1103 3063 1174 3135 oum
1191 3061 1246 3107 ore
1263 3042 1335 3109 lata

258 3151 384 3227 fuerint,
408 3152 543 3216 variatas
567 3154 670 3233 textus
695 3150 811 3216 formas
834 3150 1008 3218 induerent.

348 3257 435 3336 Quod
459 3254 560 3341 igitur
582 3258 728 3340 perediae
745 3279 763 3322 a
779 3258 883 3322 nostra
898 3257 1016 3341 sylloge
1033 3276 1092 3323 non
1110 3256 1232 3331 absunt,
1257 3255 1336 3320 inde

257 3383 377 3447 quoque
412 3363 579 3428 convivalis
614 3364 681 3428 eius
716 3366 796 3428 ratio
832 3373 989 3446 appareat.
1041 3362 1192 3427 Parodias
1223 3364 1335 3426 autem

258 3471 314 3534 bas
338 3471 549 3550 agnoscimus:

350 3574 502 3639 Obscaeni
532 3594 640 3639 versus
664 3577 818 3644 sot—64
852 3595 870 3640 a
902 3575 1043 3651 muliere,
1076 3592 1170 3657 quam
1200 3569 1337 3655 ἑταίραν

259 3680 355 3744 fnisse
387 3699 478 3762 supra
507 3679 541 3766 (ξ
567 3683 621 3763 12)
650 3683 828 3761 statuimus,
861 3682 1003 3757 eduntur,
1035 3679 1194 3762 usurpatis
1228 3679 1336 3745 verbis

263 3782 303 3848 Οἵ
324 3809 363 3864 με
379 3785 469 3869 φίλοι
485 3785 685 3871 προδιδοῦσι,
711 3789 854 3871 aquibus
871 3808 977 3853 versus
993 3787 1147 3856 ero—76
1164 3785 1335 3868 incipiunt.

350 3891 469 3956 Deinde
494 3911 530 3955 er
554 3893 680 3958 creticis
702 3893 843 3957 versibus
868 3885 1042 3960 otoo-oo·
1067 3911 1095 3974 q.
1121 3910 1146 3955 s.

348 4003 390 4076 ³52
409 4013 538 4077 παίδων
556 4012 711 4086 7κιίίίίίιοιε
735 4015 789 4078 καὶ
812 4013 1017 4099 ἱμεροίοταιε
1041 4011 1180 4087 πάντων,

397 4114 496 4183 (πῖθ’
521 4115 621 4184 αὐτοῦ
644 4124 699 4183 καί
721 4145 783 4202 μοο
807 4116 907 4205 παῦρ)
931 4117 1110 4184 ἐπάκουσον
1133 4117 1197 4206 ἔπη
1234 4181 1237 4186 .
