2934 4882
265 468 308 533 50
505 465 584 534 514.
614 466 681 520 Cum
700 464 854 521 variatione
872 464 969 521 iterati
988 481 1092 521 versas.

263 640 682 728 Vv.1039-40:''Aapoveg
704 641 876 728 ἅνθρωποι
900 642 954 706 καὶ
975 640 1095 728 νήπιοι,
1117 642 1233 722 οἵτινες
1252 639 1340 711 οἶνον

565 751 610 837 μὴ
632 745 755 814 πίνοοᾶ
781 748 898 834 ἄστρου
921 749 976 812 καὶ
998 749 1091 827 novoe
1112 747 1302 834 ἀρχομένου.

266 852 678 941 Ἶι.1069-7οτ’Ἀφρονες
694 852 868 939 ἄνθρωποι
884 854 939 918 καὶ
954 851 1072 939 νήπιοι,
1096 852 1163 919 οἵτε
1173 854 1340 933 θανόντας

569 956 722 1035 aialovo’,
746 956 814 1025 οὐδ’
838 956 915 1046 ἥβης
937 956 1041 1036 ἄνθος
1064 954 1295 1042 ἀπολλύμενον.

386 1223 408 1310 ς
430 1223 488 1292 14.
524 1225 624 1292 Cum
647 1225 875 1293 variatione
899 1225 1037 1293 iterati
1060 1245 1217 1294 versus.

359 1366 559 1432 Convivalem
590 1369 743 1434 rationem
773 1368 807 1432 in
836 1371 943 1433 nostro
973 1368 1091 1460 sylloge
1123 1369 1195 1434 inde
1218 1390 1343 1455 quoque

273 1492 433 1556 agnoscas,
458 1472 538 1554 quod
562 1474 685 1538 omnino
710 1493 781 1538 cum
805 1474 977 1540 variatione
1001 1476 1107 1540 iterati
1131 1496 1238 1543 versus
1255 1479 1288 1542 in
1305 1498 1343 1544 ea

270 1581 435 1645 occurrunt
457 1596 557 1661 neque
580 1579 679 1644 solum
703 1581 755 1663 qui
776 1599 812 1645 ex
827 1581 972 1662 parodiae
989 1581 1118 1647 oonsilio
1134 1582 1248 1647 variati
1266 1584 1342 1648 sint.

271 1685 465 1768 Quamquam
497 1686 590 1763 enim,
625 1686 652 1750 si
685 1687 793 1768 quinto
824 1685 947 1751 saeculo
975 1706 1003 1751 a.
1034 1684 1110 1752 Chr.
1139 1708 1170 1753 n.
1199 1691 1345 1755 nostram

271 1792 411 1876 syllogen
445 1793 509 1856 iam
544 1793 702 1857 exstitisse
737 1791 861 1869 dixeris,
895 1793 1025 1858 minime
1059 1793 1137 1858 illud
1171 1795 1345 1861 concedere

270 1918 419 1982 repugno,
443 1936 487 1944 -
502 1917 601 1982 neque
617 1899 699 1962 enim
713 1899 954 1982 grammaticum
971 1901 1023 1983 qui
1039 1919 1109 1964 eam
1122 1901 1347 1983 perscripserit

271 2005 352 2069 mibi
374 2003 459 2087 fingo
483 2004 537 2085 (of.
559 2001 652 2090 ξ16)
678 2043 719 2050 -
743 2008 884 2089 quamvis
908 2006 1016 2072 deinde
1033 2005 1248 2090 Theognidem
1274 2027 1347 2072 car-

271 2111 358 2175 mina
392 2129 449 2175 sua
479 2110 595 2174 chartis
625 2110 822 2175 mandavisse
852 2130 913 2176 non
943 2129 1064 2195 negem,
1102 2131 1161 2177 non
1193 2113 1347 2195 ignoraus

274 2235 367 2300 quam
390 2215 518 2299 vulgata
541 2217 605 2281 iam
627 2217 762 2281 vetustis
785 2218 976 2300 temporibus
1000 2217 1155 2283 scribendi
1177 2237 1228 2283 ars
1246 2217 1349 2285 fuerit

273 2324 353 2408 apud
378 2323 520 2400 Graecos,
545 2325 651 2388 tamen
675 2342 726 2388 ore
749 2324 852 2406 potius
874 2323 938 2388 lata
963 2342 1031 2388 esse
1055 2322 1237 2389 crediderim
1264 2345 1348 2410 quae

272 2432 305 2496 in
329 2431 478 2497 conviviis
502 2431 627 2495 cantata
651 2431 724 2494 sunt
747 2448 840 2512 quam
862 2431 898 2493 ut
921 2447 938 2492 e
962 2428 1051 2493 libris
1073 2448 1237 2511 puerorum
1255 2450 1347 2497 more

274 2538 490 2604 ediscerentur.
514 2536 623 2619 Neque
639 2555 698 2601 non
715 2554 775 2619 quo
788 2535 907 2600 nitatur
918 2535 991 2599 huic
1002 2536 1138 2618 opinioni
1152 2536 1349 2620 suppeditat.

274 2646 384 2710 Exstat
418 2643 636 2727 gravissimum
668 2641 866 2726 Xenophauis
901 2642 1126 2719 testimonium,
1162 2643 1216 2726 qui
1251 2646 1351 2726 poeta
1450 2633 1453 2636 ’

275 2749 312 2815 fr.
331 2755 361 2826 1,
386 2749 518 2816 19-20
534 2746 643 2830 (ng.)
667 2748 858 2814 convivalem
878 2747 1023 2813 cantandi
1038 2766 1157 2813 morem
1174 2749 1224 2812 his
1239 2750 1350 2815 verbis

275 2855 422 2937 attingit:
701 2931 703 2936 .
918 2922 920 2926 ,

364 2954 484 3044 ἀνδρῶν
515 2954 543 3021 b'
568 2956 666 3024 αἰνεῖν
688 2963 807 3036 τοῦτον,
839 2958 876 3039 ὃς
898 2958 1002 3026 ἐσθλοὶ
1027 2960 1140 3044 neuim)
1163 2954 1350 3045 ἀναφαίνει,

409 3060 453 3140 ὥς
475 3061 506 3127 οἱ
528 3061 696 3150 μνημόσνν’
722 3054 785 3150 pfl)

276 3170 363 3236 Unde
379 3190 416 3234 ex
431 3172 580 3236 memoria
596 3171 767 3236 convivalia
779 3174 916 3238 carmina
928 3192 945 3237 a
957 3174 1117 3256 potoribus
1128 3174 1265 3238 recitata
1278 3193 1350 3239 esse

277 3278 335 3342 tibi
362 3277 556 3360 persuadeas.
603 3277 637 3341 Id
661 3278 857 3361 quodetiam
882 3280 993 3344 sentiri
1016 3283 1119 3362 potest
1143 3282 1176 3343 et
1199 3278 1351 3360 divinari,

277 3385 305 3448 si
333 3402 369 3448 ea
397 3383 564 3466 aspicimus
592 3403 669 3467 quae
697 3404 734 3448 ex
757 3385 888 3461 Solonis,
912 3386 1047 3469 'tyrtaei
1073 3386 1254 3450 Mimnermi
1279 3407 1352 3453 car-

277 3488 411 3553 minibus
423 3489 455 3552 in
468 3490 608 3552 nostram
621 3487 762 3571 syllogen
775 3492 899 3572 recepta
913 3508 979 3554 esse
992 3491 1119 3555 aliunde
1128 3493 1350 3575 comperimus.

278 3591 367 3674 Quae
397 3593 501 3657 omnia
532 3590 768 3675 haudquaquam
799 3594 952 3658 invariata
981 3594 1025 3659 ibi
1056 3598 1188 3661 exstant.
1240 3597 1353 3682 Atque

279 3698 407 3780 Tyrtaei
430 3715 537 3762 versus
560 3699 614 3781 qui
637 3699 709 3763 inde
732 3719 751 3764 a
774 3719 801 3763 v.
820 3703 883 3769 935
900 3700 1047 3782 leguntur
1063 3701 1151 3767 valde
1166 3705 1353 3770 truncatam

371 3891 393 3959 ¹)
411 3892 541 3946 Poculum
566 3892 818 3959 circumferebatur,
843 3895 915 3950 unde
940 3895 965 3949 ei
984 3895 1030 3962 qui
1050 3901 1158 3950 cantum
1178 3896 1355 3966 suscipiebat

278 3979 423 4034 bibendum
443 3987 515 4048 erat;
536 3981 569 4036 cf.
590 3981 778 4039 Reitzenstein
797 3983 893 4052 Epigr.
913 4000 938 4038 u.
959 3985 1030 4039 Skol.
1050 4002 1074 4053 p.
1090 3986 1122 4040 31
1143 3986 1204 4040 adn.
1221 3988 1244 4039 1.

369 4068 394 4138 ⁹)
413 4071 460 4124 Ite
478 4085 527 4137 pro
546 4067 583 4124 atr
601 4069 616 4136 ἡ
635 4072 793 4138 μνημοσύνη
813 4073 982 4129 scribendum
1002 4091 1060 4130 esse
1079 4090 1174 4130 censeo
1193 4073 1355 4144 Bergkium

280 4171 400 4222 sequens.
438 4159 579 4214 Keibelius
598 4160 745 4227 poscitote
764 4165 789 4212 οι
807 4163 966 4229 μνημοσύνη
984 4164 1013 4219 in
1026 4162 1161 4219 Athenaei
1180 4162 1315 4221 editione.
