2934 4882
325 468 342 536 ς
363 468 405 521 16.
433 466 493 521 Non
511 483 615 522 merum
635 466 800 537 florilegium
819 474 913 524 nostra
932 468 1038 536 sylloge
1056 473 1107 523 est.
1208 471 1249 536 65

178 646 280 712 titulis
303 648 336 711 et
360 645 471 729 elogiis
494 645 559 710 nivi
582 647 724 712 homines
747 646 860 730 ubique
883 648 1060 731 loquuntur,
1086 666 1161 730 quos
1176 665 1250 714 con·

178 754 253 819 vivii
270 752 437 836 participes
454 749 549 816 luisse
566 752 768 836 suspicamur.
801 751 912 836 Neque
929 772 977 817 vv.
993 753 1169 820 lace-10
1180 771 1209 835 q.
1223 771 1250 818 s.

269 872 388 939 Α’ίθιον
410 874 580 958 μὲνγένος
603 870 678 955 εἶμί,
704 869 852 939 πόλινδ’
876 868 1019 954 εὐτείχεα
1046 872 1146 960 Orippo

314 978 401 1054 οἷκιῦ,
426 979 582 1067 πατρῴας
604 981 660 1067 γῆς
682 977 921 1065 ἀτεροκόμενος

179 1127 234 1190 pro
258 1106 484 1190 epigrammate
507 1106 650 1189 accipias,
675 1105 728 1170 sed
752 1106 829 1170 vivit
854 1106 907 1189 qui
923 1104 967 1170 ibi
984 1104 1127 1188 loquitur.
1162 1102 1250 1182 Quod
1312 1091 1316 1099 ’

179 1231 250 1277 vero
274 1231 322 1277 vv.
347 1214 501 1280 auo-te
526 1229 555 1293 q.
580 1229 604 1275 s.

269 1316 450 1381 Κάλλιοτον
472 1315 510 1381 τὸ
534 1314 757 1379 δικαιότατον·
781 1313 901 1397 λῷστον
923 1306 951 1375 d'
976 1309 1143 1394 ὑγιαίνειν·

313 1431 445 1510 πρῆγμα
470 1421 504 1486 δὲ
527 1419 750 1506 τερπνότατον,
775 1425 833 1483 τοῦ
856 1443 905 1495 τις
928 1415 992 1503 ἐρᾷ,
1018 1419 1054 1484 τὸ
1077 1431 1194 1499 τυχεῖν.

178 1548 366 1612 Aristoteles
383 1545 554 1633 6Δηλιακὸν
577 1543 774 1630 ἐπίγραμμα
800 1563 868 1608 esse
892 1542 977 1622 dicit,
985 1541 1009 1625 ¹)
1032 1542 1155 1607 non'ob
1179 1561 1250 1608 cam

178 1670 305 1716 causam
336 1651 374 1715 ad
403 1651 561 1735 propriam
589 1648 828 1733 epigrammatis
852 1647 1063 1712 definitionem
1086 1647 1250 1714 revocandi

179 1759 263 1833 sunt,
292 1777 362 1822 cum
387 1756 465 1821 nihil
487 1757 571 1822 aliud
594 1756 679 1820 dicet
701 1754 763 1819 nisi
786 1773 838 1819 eos
861 1753 941 1819 forte
965 1754 1129 1838 inscriptos
1153 1753 1250 1819 luisse

178 1864 211 1927 in
235 1863 353 1947 templo
377 1863 541 1947 Apollinis.

268 1969 409 2054 Apparet
431 1970 530 2051 igitur
553 1970 693 2033 nostram
718 1985 741 2031 s.
765 1984 826 2030 uon
842 1982 962 2028 mamm
978 1963 1165 2048 florilegium
1182 1984 1248 2031 esse

180 2076 259 2159 quod
283 2095 319 2140 ex
342 2078 482 2141 veterum
498 2078 660 2159 poetarum
676 2071 866 2138 carminibus
882 2071 1107 2153 grammaticus
1123 2071 1249 2154 quidam

179 2184 270 2246 homo
295 2181 526 2269 concinnaverit
549 2198 604 2244 suo
627 2178 766 2244 arbitrio.
788 2175 905 2270 'Quem
929 2176 956 2239 si
979 2174 1136 2258 fingimus,
1160 2177 1248 2241 miri-

180 2287 275 2351 ficum
300 2304 373 2350 sane
396 2285 554 2350 hominem
570 2284 728 2366 fingimus.
762 2280 823 2345 Cur
838 2280 922 2344 enim
939 2282 1110 2346 vetustiora
1125 2284 1249 2348 tantum

179 2392 336 2477 respexit?
373 2391 435 2456 Cur
458 2391 606 2456 nonnulla
629 2390 750 2456 variata
774 2390 807 2452 et
830 2387 971 2452 breviata
993 2387 1108 2452 iterum
1123 2389 1248 2472 posuit?

62 2546 65 2551 <
180 2497 242 2563 Cur
265 2500 354 2563 tanto
378 2496 483 2563 studio
504 2496 602 2579 elegit
618 2516 696 2580 quae
712 2495 750 2560 ad
766 2495 861 2560 bonos
877 2494 1032 2559 attineant
1047 2496 1079 2558 et
1094 2494 1249 2561 nobilibus

179 2602 316 2680 faveant,
344 2621 531 2686 quamquam
554 2604 586 2666 in
610 2603 722 2666 ceteris
746 2619 823 2684 quae
847 2600 906 2664 sibi
930 2599 1135 2681 obloquantur
1157 2619 1248 2684 saepe

179 2711 321 2793 recepit?
349 2712 446 2775 Porro
463 2707 647 2773 miraculum
662 2706 739 2772 illud
756 2709 814 2783 est,
839 2726 910 2771 cum
927 2707 1101 2771 ostentum
1118 2706 1249 2790 elegerit

56 2801 60 2805 ¹
179 2835 258 2900 qnae
281 2835 374 2881 usum
398 2814 591 2882 convivalem
614 2815 787 2890 habuerint,
812 2831 909 2896 neque
933 2831 993 2876 non
1016 2813 1048 2876 in
1071 2811 1248 2878 ordinandis

77 2915 80 2919 ’
178 2923 219 2987 iis
251 2924 325 3006 quid
357 2923 475 3007 ceperit
508 2921 631 2987 consilii
655 2921 812 2996 retexerit,
844 2919 920 3001 quod
945 2918 1038 2984 titulo
1062 2918 1248 2984 destitutum

178 3029 237 3093 hoc
260 3048 335 3113 opus
359 3029 465 3111 edidit,
489 3031 536 3093 ita
558 3031 595 3092 ut
617 3048 636 3092 a
658 3028 790 3111 posteris
813 3045 868 3110 pro
892 3025 1037 3109 genuinis
1057 3025 1246 3108 Theognidis

179 3135 368 3198 carminibus
400 3135 498 3216 accipi
528 3133 673 3217 potuerit.
722 3133 768 3196 Dc
799 3149 834 3196 eo
866 3131 948 3195 enim
972 3130 1108 3195 dubitari
1130 3132 1247 3214 nequit,

179 3239 254 3320 quin
284 3237 401 3319 posteri
431 3239 463 3302 in
490 3237 571 3300 huuc
602 3255 739 3301 errorem
768 3235 933 3300 inciderint
963 3233 1018 3319 (cf.
1042 3254 1072 3322 p.
1098 3234 1140 3319 b).
1188 3235 1248 3313 Qui

178 3343 330 3427 quomodo
351 3342 454 3407 enasci
476 3345 508 3406 et
523 3361 646 3427 serpere
660 3343 799 3425 potuerit
816 3360 852 3407 ex
868 3343 973 3407 nostra
988 3341 1111 3405 demum
1127 3342 1247 3407 ratione
1265 3347 1267 3352 ’

176 3451 374 3533 perspicuum
399 3449 467 3514 fieri
490 3449 522 3514 in
539 3452 677 3515 extrema
692 3451 783 3514 huius
799 3449 873 3516 diss.
890 3450 980 3533 parte
996 3447 1030 3534 (ξ
1048 3449 1104 3530 17)
1121 3447 1247 3513 demon·

178 3557 277 3620 strare
313 3555 456 3624 conabor.
509 3554 644 3624 Videtur·
677 3559 781 3621 autem
815 3554 869 3620 ille
900 3555 1124 3638 grammaticus
1155 3573 1247 3637 quem

177 3661 326 3744 fingimus
351 3663 445 3727 etiam
470 3662 598 3729 consilio
621 3665 761 3746 posteros
784 3661 947 3738 fefellisse,
971 3661 1024 3744 qui
1047 3661 1156 3727 statim
1176 3663 1247 3745 post

176 3768 335 3851 prooemia
359 3768 548 3853 Theognidis
571 3787 678 3833 versus
700 3769 840 3852 posuerit
855 3767 965 3851 quibus
982 3770 1014 3830 ot
1029 3786 1141 3832 nomeu
1157 3786 1245 3831 suum

178 3876 212 3938 et
225 3875 360 3958 patriam
376 3873 429 3939 ille
444 3875 615 3960 profitetur.
645 3873 713 3952 Qua
724 3873 763 3937 de
774 3892 807 3937 re
824 3871 898 3955 quid
914 3890 947 3936 re
959 3877 1033 3936 vera
1045 3869 1246 3936 statuendum

178 3980 221 4045 sit
245 3979 388 4064 deinceps
412 3980 593 4046 ridebimus.

269 4156 293 4225 ¹)
312 4156 382 4211 Vide
401 4157 528 4212 Ethicam
547 4156 650 4212 Nicom.
669 4153 684 4208 1
703 4156 728 4222 9,
751 4156 817 4211 1099
837 4170 855 4208 a
873 4153 988 4208 25-28.

1051 4243 1067 4293 f)
