<?xml version="1.0" encoding="UTF-8"?>
<!DOCTYPE html PUBLIC "-//W3C//DTD XHTML 1.0 Transitional//EN"
    "http://www.w3.org/TR/xhtml1/DTD/xhtml1-transitional.dtd">
<html xmlns="http://www.w3.org/1999/xhtml" xml:lang="en" lang="en">
 <head>
  <title>
</title>
<meta http-equiv="Content-Type" content="text/html;charset=utf-8" />
  <meta name='ocr-system' content='tesseract 3.04.00' />
  <meta name='ocr-capabilities' content='ocr_page ocr_carea ocr_par ocr_line ocrx_word'/>
</head>
<body>
  <div class='ocr_page' id='page_1' title='image "./exusuconvivalit00wendgoog_0060.png"; bbox 0 0 2934 4882; ppageno 0'>
   <div class='ocr_carea' id='block_1_1' title="bbox 419 499 1243 573">
    <p class='ocr_par' dir='ltr' id='par_1_1' title="bbox 419 499 1243 573">
     <span class='ocr_line' id='line_1_1' title="bbox 419 499 1243 573; baseline 0.001 -14"><span class='ocrx_word' id='word_1_1' title='bbox 419 507 435 573; x_wconf 63' lang='grc'>5</span> <span class='ocrx_word' id='word_1_2' title='bbox 456 507 497 559; x_wconf 81' lang='grc'><strong>14.</strong></span> <span class='ocrx_word' id='word_1_3' title='bbox 526 499 592 560; x_wconf 73' lang='lat' dir='ltr'><strong>(lum</strong></span> <span class='ocrx_word' id='word_1_4' title='bbox 612 504 765 560; x_wconf 84' lang='lat' dir='ltr'><strong>variatione</strong></span> <span class='ocrx_word' id='word_1_5' title='bbox 783 504 881 560; x_wconf 80' lang='lat' dir='ltr'><strong>iterati</strong></span> <span class='ocrx_word' id='word_1_6' title='bbox 900 520 1003 560; x_wconf 86' lang='lat' dir='ltr'><strong>versus.</strong></span> <span class='ocrx_word' id='word_1_7' title='bbox 1201 506 1243 570; x_wconf 78' lang='grc'><strong>53</strong></span> 
     </span>
    </p>
   </div>
   <div class='ocr_carea' id='block_1_2' title="bbox 335 677 1008 981">
    <p class='ocr_par' dir='ltr' id='par_1_2' title="bbox 335 677 1008 981">
     <span class='ocr_line' id='line_1_2' title="bbox 335 677 1008 767; baseline 0.001 -22"><span class='ocrx_word' id='word_1_8' title='bbox 335 678 470 767; x_wconf 77' lang='grc' dir='ltr'><strong><em>φίλταθ’</em></strong></span> <span class='ocrx_word' id='word_1_9' title='bbox 497 679 662 765; x_wconf 73' lang='grc' dir='ltr'><strong>Ἁρμόδιος</strong></span> <span class='ocrx_word' id='word_1_10' title='bbox 683 683 737 745; x_wconf 82' lang='grc' dir='ltr'><strong>καὶ</strong></span> <span class='ocrx_word' id='word_1_11' title='bbox 760 677 1008 767; x_wconf 67' lang='grc' dir='ltr'><em>Ἀριστογείτων,</em></span> 
     </span>
     <span class='ocr_line' id='line_1_3' title="bbox 337 784 824 874; baseline -0.002 -22"><span class='ocrx_word' id='word_1_12' title='bbox 337 784 387 852; x_wconf 82' lang='grc' dir='ltr'><strong>ὅτι</strong></span> <span class='ocrx_word' id='word_1_13' title='bbox 411 786 467 852; x_wconf 87' lang='grc' dir='ltr'><strong>τὸν</strong></span> <span class='ocrx_word' id='word_1_14' title='bbox 490 786 641 872; x_wconf 83' lang='grc' dir='ltr'><strong><em>τύραννον</em></strong></span> <span class='ocrx_word' id='word_1_15' title='bbox 663 793 824 874; x_wconf 79' lang='grc' dir='ltr'><strong><em>κτανέτην,</em></strong></span> 
     </span>
     <span class='ocr_line' id='line_1_4' title="bbox 336 883 946 981; baseline 0 -24"><span class='ocrx_word' id='word_1_16' title='bbox 336 891 503 976; x_wconf 80' lang='grc' dir='ltr'><strong><em>ἰσονόμους</em></strong></span> <span class='ocrx_word' id='word_1_17' title='bbox 526 890 552 957; x_wconf 84' lang='grc' dir='ltr'><strong>τ’</strong></span> <span class='ocrx_word' id='word_1_18' title='bbox 573 883 719 980; x_wconf 74' lang='grc' dir='ltr'><strong><em>Ἀθήνας</em></strong></span> <span class='ocrx_word' id='word_1_19' title='bbox 741 891 946 981; x_wconf 77' lang='grc' dir='ltr'><strong>ἐποιησάτην.</strong></span> 
     </span>
    </p>
   </div>
   <div class='ocr_carea' id='block_1_3' title="bbox 176 1019 1244 1120">
    <p class='ocr_par' dir='ltr' id='par_1_3' title="bbox 176 1019 1244 1120">
     <span class='ocr_line' id='line_1_5' title="bbox 176 1019 1244 1120; baseline 0.001 -20"><span class='ocrx_word' id='word_1_20' title='bbox 176 1034 383 1113; x_wconf 76' lang='lat' dir='ltr'><strong>Quamobrem</strong></span> <span class='ocrx_word' id='word_1_21' title='bbox 422 1037 577 1120; x_wconf 78' lang='lat' dir='ltr'><strong>triplicem</strong></span> <span class='ocrx_word' id='word_1_22' title='bbox 615 1037 660 1101; x_wconf 93' lang='lat' dir='ltr'><strong>ibi</strong></span> <span class='ocrx_word' id='word_1_23' title='bbox 690 1019 790 1102; x_wconf 47' lang='lat' dir='ltr'><strong>&#39;unius</strong></span> <span class='ocrx_word' id='word_1_24' title='bbox 829 1038 1004 1103; x_wconf 88' lang='lat' dir='ltr'><strong>sententiae</strong></span> <span class='ocrx_word' id='word_1_25' title='bbox 1039 1037 1244 1102; x_wconf 78' lang='lat' dir='ltr'><strong>variationem</strong></span> 
     </span>
    </p>
   </div>
   <div class='ocr_carea' id='block_1_4' title="bbox 174 1141 1245 1335">
    <p class='ocr_par' dir='ltr' id='par_1_4' title="bbox 174 1141 1245 1335">
     <span class='ocr_line' id='line_1_6' title="bbox 175 1141 1243 1229; baseline 0 -23"><span class='ocrx_word' id='word_1_26' title='bbox 175 1160 320 1224; x_wconf 88' lang='lat' dir='ltr'><strong>agnosco,</strong></span> <span class='ocrx_word' id='word_1_27' title='bbox 343 1162 443 1226; x_wconf 90' lang='lat' dir='ltr'><strong>neque</strong></span> <span class='ocrx_word' id='word_1_28' title='bbox 466 1145 620 1209; x_wconf 89' lang='lat' dir='ltr'><strong>assentior</strong></span> <span class='ocrx_word' id='word_1_29' title='bbox 643 1144 887 1211; x_wconf 87' lang='lat' dir='ltr'><strong>Reitzensteinio</strong></span> <span class='ocrx_word' id='word_1_30' title='bbox 911 1144 992 1228; x_wconf 90' lang='lat' dir='ltr'><strong>quod</strong></span> <span class='ocrx_word' id='word_1_31' title='bbox 1016 1143 1087 1229; x_wconf 78' lang='lat' dir='ltr'><strong>(Ep.</strong></span> <span class='ocrx_word' id='word_1_32' title='bbox 1112 1162 1141 1209; x_wconf 92' lang='lat' dir='ltr'><strong>u.</strong></span> <span class='ocrx_word' id='word_1_33' title='bbox 1160 1141 1243 1207; x_wconf 83' lang='lat' dir='ltr'><strong>Skol.</strong></span> 
     </span>
     <span class='ocr_line' id='line_1_7' title="bbox 174 1249 1245 1335; baseline -0.003 -19"><span class='ocrx_word' id='word_1_34' title='bbox 174 1267 204 1330; x_wconf 84' lang='lat' dir='ltr'><strong>p.</strong></span> <span class='ocrx_word' id='word_1_35' title='bbox 229 1249 377 1335; x_wconf 78' lang='lat'>22—23)</span> <span class='ocrx_word' id='word_1_36' title='bbox 409 1251 444 1315; x_wconf 91' lang='lat' dir='ltr'><strong>in</strong></span> <span class='ocrx_word' id='word_1_37' title='bbox 475 1251 551 1317; x_wconf 92' lang='lat' dir='ltr'><strong>duas</strong></span> <span class='ocrx_word' id='word_1_38' title='bbox 580 1254 685 1334; x_wconf 89' lang='lat' dir='ltr'><strong>partes</strong></span> <span class='ocrx_word' id='word_1_39' title='bbox 718 1270 797 1334; x_wconf 92' lang='lat' dir='ltr'><strong>quae</strong></span> <span class='ocrx_word' id='word_1_40' title='bbox 828 1253 955 1335; x_wconf 89' lang='lat' dir='ltr'><strong>stropha</strong></span> <span class='ocrx_word' id='word_1_41' title='bbox 988 1254 1020 1315; x_wconf 94' lang='lat' dir='ltr'><strong>et</strong></span> <span class='ocrx_word' id='word_1_42' title='bbox 1050 1250 1245 1332; x_wconf 77' lang='lat' dir='ltr'><strong>antistropha</strong></span> 
     </span>
    </p>
   </div>
   <div class='ocr_carea' id='block_1_5' title="bbox 55 1355 1244 1438">
    <p class='ocr_par' dir='ltr' id='par_1_5' title="bbox 55 1355 1244 1438">
     <span class='ocr_line' id='line_1_8' title="bbox 55 1355 1244 1438; baseline 0.004 -21"><span class='ocrx_word' id='word_1_43' title='bbox 55 1400 56 1404; x_wconf 40' lang='lat'><em>=</em></span> <span class='ocrx_word' id='word_1_44' title='bbox 175 1356 318 1419; x_wconf 91' lang='lat' dir='ltr'><strong>constent</strong></span> <span class='ocrx_word' id='word_1_45' title='bbox 350 1359 498 1438; x_wconf 88' lang='lat' dir='ltr'><strong>quattuor</strong></span> <span class='ocrx_word' id='word_1_46' title='bbox 527 1356 637 1422; x_wconf 90' lang='lat' dir='ltr'><strong>horum</strong></span> <span class='ocrx_word' id='word_1_47' title='bbox 669 1359 840 1422; x_wconf 90' lang='lat' dir='ltr'><strong>carminum</strong></span> <span class='ocrx_word' id='word_1_48' title='bbox 872 1359 1051 1422; x_wconf 85' lang='lat' dir='ltr'><strong>contextum</strong></span> <span class='ocrx_word' id='word_1_49' title='bbox 1076 1355 1244 1422; x_wconf 85' lang='lat' dir='ltr'><strong>distribuit.</strong></span> 
     </span>
    </p>
   </div>
   <div class='ocr_carea' id='block_1_6' title="bbox 175 1459 1305 1648">
    <p class='ocr_par' dir='ltr' id='par_1_6' title="bbox 175 1459 1305 1648">
     <span class='ocr_line' id='line_1_9' title="bbox 175 1459 1305 1553; baseline 0.002 -27"><span class='ocrx_word' id='word_1_50' title='bbox 175 1459 356 1542; x_wconf 78' lang='lat' dir='ltr'><strong>Gongruunt</strong></span> <span class='ocrx_word' id='word_1_51' title='bbox 386 1462 468 1525; x_wconf 92' lang='lat' dir='ltr'><strong>inter</strong></span> <span class='ocrx_word' id='word_1_52' title='bbox 499 1480 532 1526; x_wconf 91' lang='lat' dir='ltr'><strong>se</strong></span> <span class='ocrx_word' id='word_1_53' title='bbox 564 1463 659 1527; x_wconf 90' lang='lat' dir='ltr'><strong>etiam</strong></span> <span class='ocrx_word' id='word_1_54' title='bbox 690 1461 787 1528; x_wconf 86' lang='lat' dir='ltr'><strong>seclia</strong></span> <span class='ocrx_word' id='word_1_55' title='bbox 821 1465 858 1529; x_wconf 84' lang='lat' dir='ltr'><strong>lb</strong></span> <span class='ocrx_word' id='word_1_56' title='bbox 893 1471 926 1526; x_wconf 89' lang='lat' dir='ltr'><strong>et</strong></span> <span class='ocrx_word' id='word_1_57' title='bbox 959 1462 998 1529; x_wconf 88' lang='grc'><strong>16</strong></span> <span class='ocrx_word' id='word_1_58' title='bbox 1026 1461 1090 1544; x_wconf 90' lang='lat' dir='ltr'><strong>(ap.</strong></span> <span class='ocrx_word' id='word_1_59' title='bbox 1114 1460 1245 1553; x_wconf 82' lang='lat' dir='ltr'><strong>Athen.)</strong></span> <span class='ocrx_word' id='word_1_60' title='bbox 1301 1523 1305 1528; x_wconf 80' lang='grc'>.</span> 
     </span>
     <span class='ocr_line' id='line_1_10' title="bbox 175 1565 586 1648; baseline 0.012 -22"><span class='ocrx_word' id='word_1_61' title='bbox 175 1565 313 1629; x_wconf 83' lang='lat' dir='ltr'><strong>maxima</strong></span> <span class='ocrx_word' id='word_1_62' title='bbox 336 1584 372 1629; x_wconf 86' lang='lat' dir='ltr'><strong>ex</strong></span> <span class='ocrx_word' id='word_1_63' title='bbox 394 1568 484 1648; x_wconf 91' lang='lat' dir='ltr'><strong>parte</strong></span> <span class='ocrx_word' id='word_1_64' title='bbox 508 1586 537 1648; x_wconf 88' lang='lat' dir='ltr'><strong>q.</strong></span> <span class='ocrx_word' id='word_1_65' title='bbox 562 1587 586 1631; x_wconf 93' lang='lat' dir='ltr'><strong>s.</strong></span> 
     </span>
    </p>
   </div>
   <div class='ocr_carea' id='block_1_7' title="bbox 264 1684 1154 1878">
    <p class='ocr_par' dir='ltr' id='par_1_7' title="bbox 264 1684 1154 1878">
     <span class='ocr_line' id='line_1_11' title="bbox 267 1684 1039 1776; baseline 0.005 -26"><span class='ocrx_word' id='word_1_66' title='bbox 267 1695 334 1751; x_wconf 86' lang='grc' dir='ltr'><strong>Παῑ</strong></span> <span class='ocrx_word' id='word_1_67' title='bbox 362 1689 546 1770; x_wconf 79' lang='grc' dir='ltr'><strong><em>Τελαμῶνος</em></strong></span> <span class='ocrx_word' id='word_1_68' title='bbox 569 1684 654 1758; x_wconf 78' lang='grc' dir='ltr'><strong><em>Αἶαν</em></strong></span> <span class='ocrx_word' id='word_1_69' title='bbox 677 1687 827 1776; x_wconf 81' lang='grc' dir='ltr'><strong><em>αἰχμητά,</em></strong></span> <span class='ocrx_word' id='word_1_70' title='bbox 853 1690 981 1771; x_wconf 78' lang='grc' dir='ltr'><em>λέγουσί</em></span> <span class='ocrx_word' id='word_1_71' title='bbox 1003 1710 1039 1754; x_wconf 85' lang='grc' dir='ltr'><strong>σε</strong></span> 
     </span>
     <span class='ocr_line' id='line_1_12' title="bbox 264 1789 1154 1878; baseline 0 -22"><span class='ocrx_word' id='word_1_72' title='bbox 264 1791 296 1870; x_wconf 76' lang='grc' dir='ltr'><strong>ἐς</strong></span> <span class='ocrx_word' id='word_1_73' title='bbox 324 1794 440 1875; x_wconf 80' lang='grc' dir='ltr'><strong><em>Τροΐαν</em></strong></span> <span class='ocrx_word' id='word_1_74' title='bbox 463 1791 592 1878; x_wconf 77' lang='grc' dir='ltr'><strong><em>ἄριστον</em></strong></span> <span class='ocrx_word' id='word_1_75' title='bbox 615 1792 723 1859; x_wconf 80' lang='grc' dir='ltr'><strong><em>ἐλθεῖν</em></strong></span> <span class='ocrx_word' id='word_1_76' title='bbox 747 1794 882 1859; x_wconf 75' lang='grc' dir='ltr'><strong><em>Δαναῶν</em></strong></span> <span class='ocrx_word' id='word_1_77' title='bbox 905 1789 974 1875; x_wconf 77' lang='grc' dir='ltr'><strong><em>μετ’</em></strong></span> <span class='ocrx_word' id='word_1_78' title='bbox 998 1789 1154 1874; x_wconf 73' lang='grc' dir='ltr'><strong>Ἀχιλλέα.</strong></span> 
     </span>
    </p>
   </div>
   <div class='ocr_carea' id='block_1_8' title="bbox 166 1931 1244 4262">
    <p class='ocr_par' dir='ltr' id='par_1_8' title="bbox 268 1931 1064 2021">
     <span class='ocr_line' id='line_1_13' title="bbox 268 1931 1064 2021; baseline 0.001 -24"><span class='ocrx_word' id='word_1_79' title='bbox 268 1933 329 1998; x_wconf 82' lang='grc' dir='ltr'><strong>Τὸν</strong></span> <span class='ocrx_word' id='word_1_80' title='bbox 356 1933 528 2014; x_wconf 79' lang='grc' dir='ltr'><strong><em>Τελαμῶνα</em></strong></span> <span class='ocrx_word' id='word_1_81' title='bbox 551 1935 689 2016; x_wconf 76' lang='grc' dir='ltr'><strong><em>πρῶτον,</em></strong></span> <span class='ocrx_word' id='word_1_82' title='bbox 713 1931 839 1997; x_wconf 80' lang='grc' dir='ltr'><strong><em>Αἴαντα</em></strong></span> <span class='ocrx_word' id='word_1_83' title='bbox 864 1933 898 1997; x_wconf 78' lang='grc' dir='ltr'><strong>δὲ</strong></span> <span class='ocrx_word' id='word_1_84' title='bbox 922 1932 1064 2021; x_wconf 80' lang='grc' dir='ltr'><strong><em>δεύτερον</em></strong></span> 
     </span>
    </p>

    <p class='ocr_par' dir='ltr' id='par_1_9' title="bbox 174 2036 1244 2780">
     <span class='ocr_line' id='line_1_14' title="bbox 264 2036 1164 2126; baseline 0.004 -24"><span class='ocrx_word' id='word_1_85' title='bbox 264 2037 296 2117; x_wconf 78' lang='grc' dir='ltr'><strong>ἐς</strong></span> <span class='ocrx_word' id='word_1_86' title='bbox 322 2040 438 2126; x_wconf 78' lang='grc' dir='ltr'><strong><em>Τροΐαν</em></strong></span> <span class='ocrx_word' id='word_1_87' title='bbox 460 2040 606 2123; x_wconf 76' lang='grc' dir='ltr'><strong><em>λέγουσιν</em></strong></span> <span class='ocrx_word' id='word_1_88' title='bbox 628 2036 737 2104; x_wconf 74' lang='grc' dir='ltr'><strong><em>ἐλθεῖν</em></strong></span> <span class='ocrx_word' id='word_1_89' title='bbox 761 2047 896 2105; x_wconf 80' lang='grc' dir='ltr'><strong><em>Δαναῶν</em></strong></span> <span class='ocrx_word' id='word_1_90' title='bbox 918 2036 987 2122; x_wconf 80' lang='grc' dir='ltr'><strong><em>μετ’</em></strong></span> <span class='ocrx_word' id='word_1_91' title='bbox 1010 2037 1164 2122; x_wconf 72' lang='grc' dir='ltr'><strong>Ἀχιλλέα.</strong></span> 
     </span>
     <span class='ocr_line' id='line_1_15' title="bbox 175 2163 1243 2248; baseline 0.002 -19"><span class='ocrx_word' id='word_1_92' title='bbox 175 2166 320 2229; x_wconf 84' lang='lat' dir='ltr'><strong>Ceterum</strong></span> <span class='ocrx_word' id='word_1_93' title='bbox 351 2184 412 2229; x_wconf 91' lang='lat' dir='ltr'><strong>non</strong></span> <span class='ocrx_word' id='word_1_94' title='bbox 443 2164 522 2229; x_wconf 83' lang='lat' dir='ltr'><strong>afuit</strong></span> <span class='ocrx_word' id='word_1_95' title='bbox 551 2165 596 2229; x_wconf 94' lang='lat' dir='ltr'><strong>ibi</strong></span> <span class='ocrx_word' id='word_1_96' title='bbox 629 2166 726 2230; x_wconf 88' lang='lat' dir='ltr'><strong>etiam</strong></span> <span class='ocrx_word' id='word_1_97' title='bbox 757 2166 923 2230; x_wconf 90' lang='lat' dir='ltr'><strong>eonsilium</strong></span> <span class='ocrx_word' id='word_1_98' title='bbox 952 2166 1103 2232; x_wconf 89' lang='lat' dir='ltr'><strong>variandi.</strong></span> <span class='ocrx_word' id='word_1_99' title='bbox 1151 2163 1243 2248; x_wconf 78' lang='lat' dir='ltr'><strong>Quod</strong></span> 
     </span>
     <span class='ocr_line' id='line_1_16' title="bbox 175 2269 1244 2350; baseline 0.005 -18"><span class='ocrx_word' id='word_1_100' title='bbox 175 2288 274 2350; x_wconf 90' lang='lat' dir='ltr'><strong>genus</strong></span> <span class='ocrx_word' id='word_1_101' title='bbox 296 2269 477 2334; x_wconf 84' lang='lat' dir='ltr'><strong>variationis</strong></span> <span class='ocrx_word' id='word_1_102' title='bbox 500 2270 585 2333; x_wconf 91' lang='lat' dir='ltr'><strong>idem</strong></span> <span class='ocrx_word' id='word_1_103' title='bbox 608 2271 640 2332; x_wconf 92' lang='lat' dir='ltr'><strong>in</strong></span> <span class='ocrx_word' id='word_1_104' title='bbox 663 2272 769 2334; x_wconf 86' lang='lat' dir='ltr'><strong>nostra</strong></span> <span class='ocrx_word' id='word_1_105' title='bbox 793 2290 817 2336; x_wconf 88' lang='lat' dir='ltr'><strong>s.</strong></span> <span class='ocrx_word' id='word_1_106' title='bbox 835 2289 853 2334; x_wconf 91' lang='lat' dir='ltr'><strong>a</strong></span> <span class='ocrx_word' id='word_1_107' title='bbox 874 2271 963 2336; x_wconf 93' lang='lat' dir='ltr'><strong>nobis</strong></span> <span class='ocrx_word' id='word_1_108' title='bbox 984 2273 1180 2337; x_wconf 87' lang='lat' dir='ltr'><strong>observatum</strong></span> <span class='ocrx_word' id='word_1_109' title='bbox 1196 2276 1244 2338; x_wconf 86' lang='lat' dir='ltr'><strong>est</strong></span> 
     </span>
     <span class='ocr_line' id='line_1_17' title="bbox 174 2373 1244 2461; baseline 0.004 -22"><span class='ocrx_word' id='word_1_110' title='bbox 174 2376 207 2439; x_wconf 91' lang='lat' dir='ltr'><strong>in</strong></span> <span class='ocrx_word' id='word_1_111' title='bbox 232 2373 426 2439; x_wconf 76' lang='lat' dir='ltr'><strong>antecedenti</strong></span> <span class='ocrx_word' id='word_1_112' title='bbox 448 2376 653 2457; x_wconf 85' lang='lat' dir='ltr'><strong>paragrapho,</strong></span> <span class='ocrx_word' id='word_1_113' title='bbox 683 2375 710 2438; x_wconf 93' lang='lat' dir='ltr'><strong>si</strong></span> <span class='ocrx_word' id='word_1_114' title='bbox 734 2376 858 2458; x_wconf 90' lang='lat' dir='ltr'><strong>quidem</strong></span> <span class='ocrx_word' id='word_1_115' title='bbox 882 2395 918 2440; x_wconf 91' lang='lat' dir='ltr'><strong>ea</strong></span> <span class='ocrx_word' id='word_1_116' title='bbox 941 2377 984 2440; x_wconf 94' lang='lat' dir='ltr'><strong>ibi</strong></span> <span class='ocrx_word' id='word_1_117' title='bbox 1008 2378 1142 2443; x_wconf 91' lang='lat' dir='ltr'><strong>vidimus</strong></span> <span class='ocrx_word' id='word_1_118' title='bbox 1166 2396 1244 2461; x_wconf 89' lang='lat' dir='ltr'><strong>quae</strong></span> 
     </span>
     <span class='ocr_line' id='line_1_18' title="bbox 175 2480 1243 2567; baseline 0.003 -21"><span class='ocrx_word' id='word_1_119' title='bbox 175 2500 211 2546; x_wconf 87' lang='lat' dir='ltr'><strong>er</strong></span> <span class='ocrx_word' id='word_1_120' title='bbox 235 2480 380 2565; x_wconf 87' lang='lat' dir='ltr'><strong>perediae</strong></span> <span class='ocrx_word' id='word_1_121' title='bbox 409 2482 528 2546; x_wconf 90' lang='lat' dir='ltr'><strong>ratione</strong></span> <span class='ocrx_word' id='word_1_122' title='bbox 552 2480 669 2546; x_wconf 84' lang='lat' dir='ltr'><strong>deflexa</strong></span> <span class='ocrx_word' id='word_1_123' title='bbox 691 2485 773 2551; x_wconf 89' lang='lat' dir='ltr'><strong>sunt.</strong></span> <span class='ocrx_word' id='word_1_124' title='bbox 821 2483 980 2560; x_wconf 80' lang='lat' dir='ltr'><strong>Crederes,</strong></span> <span class='ocrx_word' id='word_1_125' title='bbox 1011 2483 1090 2567; x_wconf 90' lang='lat' dir='ltr'><strong>quod</strong></span> <span class='ocrx_word' id='word_1_126' title='bbox 1113 2483 1243 2549; x_wconf 83' lang='lat' dir='ltr'><strong>fortuito</strong></span> 
     </span>
     <span class='ocr_line' id='line_1_19' title="bbox 174 2587 1244 2671; baseline 0.002 -20"><span class='ocrx_word' id='word_1_127' title='bbox 174 2587 309 2671; x_wconf 89' lang='lat' dir='ltr'><strong>primum</strong></span> <span class='ocrx_word' id='word_1_128' title='bbox 344 2587 492 2652; x_wconf 85' lang='lat' dir='ltr'><strong>accidisse</strong></span> <span class='ocrx_word' id='word_1_129' title='bbox 527 2591 769 2653; x_wconf 84' lang='lat' dir='ltr'><strong>cousentaneum</strong></span> <span class='ocrx_word' id='word_1_130' title='bbox 799 2592 857 2668; x_wconf 86' lang='lat' dir='ltr'><strong>est,</strong></span> <span class='ocrx_word' id='word_1_131' title='bbox 892 2590 1029 2655; x_wconf 86' lang='lat' dir='ltr'><strong>variatas</strong></span> <span class='ocrx_word' id='word_1_132' title='bbox 1061 2588 1178 2654; x_wconf 86' lang='lat' dir='ltr'><strong>formes</strong></span> <span class='ocrx_word' id='word_1_133' title='bbox 1208 2592 1244 2653; x_wconf 91' lang='lat' dir='ltr'><strong>ut</strong></span> 
     </span>
     <span class='ocr_line' id='line_1_20' title="bbox 175 2693 1241 2780; baseline 0.003 -23"><span class='ocrx_word' id='word_1_134' title='bbox 175 2696 278 2758; x_wconf 83' lang='lat' dir='ltr'><strong>textus</strong></span> <span class='ocrx_word' id='word_1_135' title='bbox 290 2693 441 2773; x_wconf 83' lang='lat' dir='ltr'><strong>indueret,</strong></span> <span class='ocrx_word' id='word_1_136' title='bbox 455 2695 583 2759; x_wconf 90' lang='lat' dir='ltr'><strong>oonsilio</strong></span> <span class='ocrx_word' id='word_1_137' title='bbox 595 2694 627 2758; x_wconf 94' lang='lat' dir='ltr'><strong>id</strong></span> <span class='ocrx_word' id='word_1_138' title='bbox 640 2696 737 2760; x_wconf 90' lang='lat' dir='ltr'><strong>etiam</strong></span> <span class='ocrx_word' id='word_1_139' title='bbox 745 2715 965 2780; x_wconf 90' lang='lat' dir='ltr'><strong>nonnunquam</strong></span> <span class='ocrx_word' id='word_1_140' title='bbox 978 2715 1045 2761; x_wconf 89' lang='lat' dir='ltr'><strong>esse</strong></span> <span class='ocrx_word' id='word_1_141' title='bbox 1058 2697 1241 2780; x_wconf 86' lang='lat' dir='ltr'><strong>appetitum.</strong></span> 
     </span>
    </p>

    <p class='ocr_par' dir='ltr' id='par_1_10' title="bbox 166 2800 1243 4262">
     <span class='ocr_line' id='line_1_21' title="bbox 265 2800 1242 2869; baseline 0.004 -6"><span class='ocrx_word' id='word_1_142' title='bbox 265 2800 407 2864; x_wconf 89' lang='lat' dir='ltr'><strong>Vidimus</strong></span> <span class='ocrx_word' id='word_1_143' title='bbox 440 2802 472 2865; x_wconf 93' lang='lat' dir='ltr'><strong>in</strong></span> <span class='ocrx_word' id='word_1_144' title='bbox 503 2802 681 2866; x_wconf 92' lang='lat' dir='ltr'><strong>universum</strong></span> <span class='ocrx_word' id='word_1_145' title='bbox 706 2803 893 2868; x_wconf 85' lang='lat' dir='ltr'><strong>variationes</strong></span> <span class='ocrx_word' id='word_1_146' title='bbox 916 2804 1020 2869; x_wconf 91' lang='lat' dir='ltr'><strong>locum</strong></span> <span class='ocrx_word' id='word_1_147' title='bbox 1042 2804 1187 2869; x_wconf 87' lang='lat' dir='ltr'><strong>habuisse</strong></span> <span class='ocrx_word' id='word_1_148' title='bbox 1210 2804 1242 2867; x_wconf 92' lang='lat' dir='ltr'><strong>in</strong></span> 
     </span>
     <span class='ocr_line' id='line_1_22' title="bbox 174 2905 1243 2993; baseline 0.005 -23"><span class='ocrx_word' id='word_1_149' title='bbox 174 2907 310 2970; x_wconf 88' lang='lat' dir='ltr'><strong>carmine</strong></span> <span class='ocrx_word' id='word_1_150' title='bbox 334 2905 498 2974; x_wconf 83' lang='lat' dir='ltr'><strong>convivali.</strong></span> <span class='ocrx_word' id='word_1_151' title='bbox 531 2908 637 2972; x_wconf 78' lang='lat' dir='ltr'><strong>Etiam</strong></span> <span class='ocrx_word' id='word_1_152' title='bbox 660 2908 692 2972; x_wconf 91' lang='lat' dir='ltr'><strong>si</strong></span> <span class='ocrx_word' id='word_1_153' title='bbox 703 2908 854 2990; x_wconf 90' lang='lat' dir='ltr'><strong>inspicere</strong></span> <span class='ocrx_word' id='word_1_154' title='bbox 870 2910 959 2987; x_wconf 87' lang='lat' dir='ltr'><strong>velis,</strong></span> <span class='ocrx_word' id='word_1_155' title='bbox 983 2910 1243 2993; x_wconf 90' lang='lat' dir='ltr'><strong>quemadmodum</strong></span> 
     </span>
     <span class='ocr_line' id='line_1_23' title="bbox 173 3012 1242 3094; baseline 0.002 -19"><span class='ocrx_word' id='word_1_156' title='bbox 173 3012 295 3076; x_wconf 89' lang='lat' dir='ltr'><strong>variata</strong></span> <span class='ocrx_word' id='word_1_157' title='bbox 329 3031 366 3076; x_wconf 92' lang='lat' dir='ltr'><strong>ea</strong></span> <span class='ocrx_word' id='word_1_158' title='bbox 394 3013 458 3076; x_wconf 89' lang='lat' dir='ltr'><strong>sint</strong></span> <span class='ocrx_word' id='word_1_159' title='bbox 482 3032 558 3094; x_wconf 90' lang='lat' dir='ltr'><strong>quae</strong></span> <span class='ocrx_word' id='word_1_160' title='bbox 582 3015 697 3077; x_wconf 87' lang='lat' dir='ltr'><strong>iterum</strong></span> <span class='ocrx_word' id='word_1_161' title='bbox 720 3013 753 3076; x_wconf 93' lang='lat' dir='ltr'><strong>in</strong></span> <span class='ocrx_word' id='word_1_162' title='bbox 777 3017 883 3077; x_wconf 90' lang='lat' dir='ltr'><strong>nostra</strong></span> <span class='ocrx_word' id='word_1_163' title='bbox 907 3033 930 3078; x_wconf 94' lang='lat' dir='ltr'><strong>s.</strong></span> <span class='ocrx_word' id='word_1_164' title='bbox 962 3016 1136 3090; x_wconf 91' lang='lat' dir='ltr'><strong>occurrunt,</strong></span> <span class='ocrx_word' id='word_1_165' title='bbox 1169 3033 1242 3078; x_wconf 90' lang='lat' dir='ltr'><strong>con-</strong></span> 
     </span>
     <span class='ocr_line' id='line_1_24' title="bbox 174 3117 1243 3201; baseline 0 -19"><span class='ocrx_word' id='word_1_166' title='bbox 174 3117 308 3182; x_wconf 91' lang='lat' dir='ltr'><strong>vivalem</strong></span> <span class='ocrx_word' id='word_1_167' title='bbox 340 3137 432 3181; x_wconf 88' lang='lat' dir='ltr'><strong>nsum</strong></span> <span class='ocrx_word' id='word_1_168' title='bbox 463 3136 499 3181; x_wconf 92' lang='lat' dir='ltr'><strong>ea</strong></span> <span class='ocrx_word' id='word_1_169' title='bbox 531 3119 661 3182; x_wconf 89' lang='lat' dir='ltr'><strong>subiisse</strong></span> <span class='ocrx_word' id='word_1_170' title='bbox 692 3137 869 3201; x_wconf 89' lang='lat' dir='ltr'><strong>cognoscas.</strong></span> <span class='ocrx_word' id='word_1_171' title='bbox 917 3118 1012 3183; x_wconf 92' lang='lat' dir='ltr'><strong>Velut</strong></span> <span class='ocrx_word' id='word_1_172' title='bbox 1044 3138 1080 3183; x_wconf 90' lang='lat' dir='ltr'><strong>ea</strong></span> <span class='ocrx_word' id='word_1_173' title='bbox 1104 3138 1182 3201; x_wconf 90' lang='lat' dir='ltr'><strong>quae</strong></span> <span class='ocrx_word' id='word_1_174' title='bbox 1207 3138 1243 3182; x_wconf 83' lang='lat' dir='ltr'><strong>ex</strong></span> 
     </span>
     <span class='ocr_line' id='line_1_25' title="bbox 173 3222 1242 3306; baseline 0.002 -20"><span class='ocrx_word' id='word_1_175' title='bbox 173 3223 318 3306; x_wconf 84' lang='lat' dir='ltr'><strong>perediae</strong></span> <span class='ocrx_word' id='word_1_176' title='bbox 342 3223 461 3286; x_wconf 90' lang='lat' dir='ltr'><strong>ratione</strong></span> <span class='ocrx_word' id='word_1_177' title='bbox 485 3222 606 3287; x_wconf 88' lang='lat' dir='ltr'><strong>variata</strong></span> <span class='ocrx_word' id='word_1_178' title='bbox 629 3225 703 3287; x_wconf 92' lang='lat' dir='ltr'><strong>sunt</strong></span> <span class='ocrx_word' id='word_1_179' title='bbox 725 3223 899 3288; x_wconf 87' lang='lat' dir='ltr'><strong>convivalia</strong></span> <span class='ocrx_word' id='word_1_180' title='bbox 922 3225 1043 3289; x_wconf 90' lang='lat' dir='ltr'><strong>cantica</strong></span> <span class='ocrx_word' id='word_1_181' title='bbox 1066 3223 1162 3288; x_wconf 88' lang='lat' dir='ltr'><strong>fuisse</strong></span> <span class='ocrx_word' id='word_1_182' title='bbox 1178 3225 1242 3289; x_wconf 90' lang='lat' dir='ltr'><strong>iam</strong></span> 
     </span>
     <span class='ocr_line' id='line_1_26' title="bbox 174 3323 1242 3411; baseline 0.003 -20"><span class='ocrx_word' id='word_1_183' title='bbox 174 3327 264 3393; x_wconf 90' lang='lat' dir='ltr'><strong>nobis</strong></span> <span class='ocrx_word' id='word_1_184' title='bbox 294 3325 504 3408; x_wconf 90' lang='lat' dir='ltr'><strong>persuasimus</strong></span> <span class='ocrx_word' id='word_1_185' title='bbox 528 3324 602 3410; x_wconf 84' lang='lat' dir='ltr'><strong>(vid.</strong></span> <span class='ocrx_word' id='word_1_186' title='bbox 628 3323 647 3411; x_wconf 66' lang='grc' dir='ltr'><strong>ξ</strong></span> <span class='ocrx_word' id='word_1_187' title='bbox 673 3325 738 3411; x_wconf 88' lang='grc'>13).</span> <span class='ocrx_word' id='word_1_188' title='bbox 786 3326 904 3405; x_wconf 76' lang='lat' dir='ltr'><strong>Quibus</strong></span> <span class='ocrx_word' id='word_1_189' title='bbox 935 3327 1074 3393; x_wconf 92' lang='lat' dir='ltr'><strong>addimus</strong></span> <span class='ocrx_word' id='word_1_190' title='bbox 1102 3349 1183 3394; x_wconf 91' lang='lat' dir='ltr'><strong>nunc</strong></span> <span class='ocrx_word' id='word_1_191' title='bbox 1206 3348 1242 3394; x_wconf 92' lang='lat' dir='ltr'><strong>ea</strong></span> 
     </span>
     <span class='ocr_line' id='line_1_27' title="bbox 174 3427 1241 3517; baseline 0.001 -20"><span class='ocrx_word' id='word_1_192' title='bbox 174 3451 253 3517; x_wconf 86' lang='lat' dir='ltr'><strong>quae</strong></span> <span class='ocrx_word' id='word_1_193' title='bbox 277 3431 369 3495; x_wconf 90' lang='lat' dir='ltr'><strong>unius</strong></span> <span class='ocrx_word' id='word_1_194' title='bbox 394 3427 442 3492; x_wconf 91' lang='lat' dir='ltr'><strong>vel</strong></span> <span class='ocrx_word' id='word_1_195' title='bbox 465 3429 561 3493; x_wconf 91' lang='lat' dir='ltr'><strong>etiam</strong></span> <span class='ocrx_word' id='word_1_196' title='bbox 583 3429 721 3511; x_wconf 89' lang='lat' dir='ltr'><strong>plurium</strong></span> <span class='ocrx_word' id='word_1_197' title='bbox 746 3429 950 3496; x_wconf 80' lang='lat' dir='ltr'><strong>distichorum</strong></span> <span class='ocrx_word' id='word_1_198' title='bbox 965 3433 1086 3497; x_wconf 89' lang='lat' dir='ltr'><strong>iactura</strong></span> <span class='ocrx_word' id='word_1_199' title='bbox 1100 3435 1132 3497; x_wconf 94' lang='lat' dir='ltr'><strong>in</strong></span> <span class='ocrx_word' id='word_1_200' title='bbox 1149 3435 1241 3498; x_wconf 90' lang='lat' dir='ltr'><strong>breve</strong></span> 
     </span>
     <span class='ocr_line' id='line_1_28' title="bbox 173 3521 1241 3622; baseline -0.002 -18"><span class='ocrx_word' id='word_1_201' title='bbox 173 3543 280 3604; x_wconf 90' lang='lat' dir='ltr'><strong>coacta</strong></span> <span class='ocrx_word' id='word_1_202' title='bbox 312 3538 394 3602; x_wconf 90' lang='lat' dir='ltr'><strong>sunt.</strong></span> <span class='ocrx_word' id='word_1_203' title='bbox 445 3535 592 3601; x_wconf 86' lang='lat' dir='ltr'><strong>Breviata</strong></span> <span class='ocrx_word' id='word_1_204' title='bbox 623 3537 706 3601; x_wconf 91' lang='lat' dir='ltr'><strong>enim</strong></span> <span class='ocrx_word' id='word_1_205' title='bbox 737 3521 858 3602; x_wconf 85' lang='lat' dir='ltr'><strong>cantica</strong></span> <span class='ocrx_word' id='word_1_206' title='bbox 887 3539 1020 3620; x_wconf 88' lang='lat' dir='ltr'><strong>posteris</strong></span> <span class='ocrx_word' id='word_1_207' title='bbox 1051 3540 1241 3622; x_wconf 91' lang='lat' dir='ltr'><strong>temporibus</strong></span> 
     </span>
     <span class='ocr_line' id='line_1_29' title="bbox 174 3641 1240 3725; baseline 0 -15"><span class='ocrx_word' id='word_1_208' title='bbox 174 3642 385 3711; x_wconf 87' lang='lat' dir='ltr'><strong>convivalibus</strong></span> <span class='ocrx_word' id='word_1_209' title='bbox 408 3641 561 3725; x_wconf 88' lang='lat' dir='ltr'><strong>placuisse</strong></span> <span class='ocrx_word' id='word_1_210' title='bbox 585 3661 676 3725; x_wconf 91' lang='lat' dir='ltr'><strong>supra</strong></span> <span class='ocrx_word' id='word_1_211' title='bbox 692 3644 757 3708; x_wconf 93' lang='lat' dir='ltr'><strong>iam</strong></span> <span class='ocrx_word' id='word_1_212' title='bbox 776 3644 967 3710; x_wconf 83' lang='lat' dir='ltr'><strong>intellexisse</strong></span> <span class='ocrx_word' id='word_1_213' title='bbox 983 3645 1072 3711; x_wconf 90' lang='lat' dir='ltr'><strong>nohis</strong></span> <span class='ocrx_word' id='word_1_214' title='bbox 1088 3645 1240 3723; x_wconf 90' lang='lat' dir='ltr'><strong>videmur,</strong></span> 
     </span>
     <span class='ocr_line' id='line_1_30' title="bbox 174 3749 1241 3838; baseline 0.002 -22"><span class='ocrx_word' id='word_1_215' title='bbox 174 3771 245 3816; x_wconf 90' lang='lat' dir='ltr'><strong>cum</strong></span> <span class='ocrx_word' id='word_1_216' title='bbox 275 3751 315 3814; x_wconf 91' lang='lat' dir='ltr'><strong>iis</strong></span> <span class='ocrx_word' id='word_1_217' title='bbox 346 3768 423 3833; x_wconf 91' lang='lat' dir='ltr'><strong>quae</strong></span> <span class='ocrx_word' id='word_1_218' title='bbox 454 3749 486 3812; x_wconf 92' lang='lat' dir='ltr'><strong>in</strong></span> <span class='ocrx_word' id='word_1_219' title='bbox 510 3750 650 3814; x_wconf 89' lang='lat' dir='ltr'><strong>oratione</strong></span> <span class='ocrx_word' id='word_1_220' title='bbox 674 3749 712 3814; x_wconf 91' lang='lat' dir='ltr'><strong>ad</strong></span> <span class='ocrx_word' id='word_1_221' title='bbox 736 3750 895 3816; x_wconf 89' lang='lat' dir='ltr'><strong>Nicoclem</strong></span> <span class='ocrx_word' id='word_1_222' title='bbox 918 3750 937 3838; x_wconf 62' lang='grc' dir='ltr'>ξ</span> <span class='ocrx_word' id='word_1_223' title='bbox 961 3754 1004 3819; x_wconf 84' lang='grc'><strong>43</strong></span> <span class='ocrx_word' id='word_1_224' title='bbox 1028 3751 1065 3816; x_wconf 92' lang='lat' dir='ltr'><strong>de</strong></span> <span class='ocrx_word' id='word_1_225' title='bbox 1089 3751 1241 3836; x_wconf 84' lang='lat' dir='ltr'><strong>eligendis</strong></span> 
     </span>
     <span class='ocr_line' id='line_1_31' title="bbox 174 3854 1241 3939; baseline 0.001 -16"><span class='ocrx_word' id='word_1_226' title='bbox 174 3878 211 3923; x_wconf 82' lang='lat' dir='ltr'><strong>en</strong></span> <span class='ocrx_word' id='word_1_227' title='bbox 235 3856 413 3939; x_wconf 85' lang='lat' dir='ltr'><strong>Theognide</strong></span> <span class='ocrx_word' id='word_1_228' title='bbox 445 3856 608 3921; x_wconf 88' lang='lat' dir='ltr'><strong>sententiis</strong></span> <span class='ocrx_word' id='word_1_229' title='bbox 632 3854 789 3921; x_wconf 90' lang='lat' dir='ltr'><strong>Isocrates</strong></span> <span class='ocrx_word' id='word_1_230' title='bbox 820 3856 897 3921; x_wconf 89' lang='lat' dir='ltr'><strong>dicit</strong></span> <span class='ocrx_word' id='word_1_231' title='bbox 927 3857 1117 3923; x_wconf 87' lang='lat' dir='ltr'><strong>convivalem</strong></span> <span class='ocrx_word' id='word_1_232' title='bbox 1149 3878 1241 3924; x_wconf 91' lang='lat' dir='ltr'><strong>usum</strong></span> 
     </span>
     <span class='ocr_line' id='line_1_32' title="bbox 173 3962 1240 4052; baseline 0.003 -25"><span class='ocrx_word' id='word_1_233' title='bbox 173 3963 227 4046; x_wconf 89' lang='lat' dir='ltr'><strong>qui</strong></span> <span class='ocrx_word' id='word_1_234' title='bbox 251 3965 318 4027; x_wconf 89' lang='lat' dir='ltr'><strong>eius</strong></span> <span class='ocrx_word' id='word_1_235' title='bbox 341 3963 531 4047; x_wconf 89' lang='lat' dir='ltr'><strong>temporibus</strong></span> <span class='ocrx_word' id='word_1_236' title='bbox 556 3962 651 4027; x_wconf 88' lang='lat' dir='ltr'><strong>fuerit</strong></span> <span class='ocrx_word' id='word_1_237' title='bbox 666 3962 816 4028; x_wconf 89' lang='lat' dir='ltr'><strong>illustrari</strong></span> <span class='ocrx_word' id='word_1_238' title='bbox 833 3962 1047 4028; x_wconf 90' lang='lat' dir='ltr'><strong>statuebamus</strong></span> <span class='ocrx_word' id='word_1_239' title='bbox 1064 3963 1140 4048; x_wconf 89' lang='lat' dir='ltr'><strong>(vid.</strong></span> <span class='ocrx_word' id='word_1_240' title='bbox 1158 3963 1177 4050; x_wconf 66' lang='grc' dir='ltr'><strong>ξ</strong></span> <span class='ocrx_word' id='word_1_241' title='bbox 1195 3965 1240 4052; x_wconf 82' lang='grc'><strong>2).</strong></span> 
     </span>
     <span class='ocr_line' id='line_1_33' title="bbox 173 4068 1241 4153; baseline 0.003 -20"><span class='ocrx_word' id='word_1_242' title='bbox 173 4070 244 4134; x_wconf 89' lang='lat' dir='ltr'><strong>Huc</strong></span> <span class='ocrx_word' id='word_1_243' title='bbox 267 4069 345 4134; x_wconf 88' lang='lat' dir='ltr'><strong>adde</strong></span> <span class='ocrx_word' id='word_1_244' title='bbox 369 4068 449 4153; x_wconf 91' lang='lat' dir='ltr'><strong>quod</strong></span> <span class='ocrx_word' id='word_1_245' title='bbox 465 4069 575 4134; x_wconf 89' lang='lat' dir='ltr'><strong>Attica</strong></span> <span class='ocrx_word' id='word_1_246' title='bbox 595 4068 703 4148; x_wconf 83' lang='lat' dir='ltr'><strong>scotia,</strong></span> <span class='ocrx_word' id='word_1_247' title='bbox 728 4088 806 4153; x_wconf 91' lang='lat' dir='ltr'><strong>quae</strong></span> <span class='ocrx_word' id='word_1_248' title='bbox 821 4069 992 4136; x_wconf 74' lang='lat' dir='ltr'><strong>connvelia</strong></span> <span class='ocrx_word' id='word_1_249' title='bbox 1007 4070 1128 4134; x_wconf 89' lang='lat' dir='ltr'><strong>cantica</strong></span> <span class='ocrx_word' id='word_1_250' title='bbox 1144 4068 1241 4136; x_wconf 87' lang='lat' dir='ltr'><strong>fuisse</strong></span> 
     </span>
     <span class='ocr_line' id='line_1_34' title="bbox 166 4178 1241 4262; baseline 0.001 -19"><span class='ocrx_word' id='word_1_251' title='bbox 166 4178 304 4256; x_wconf 79' lang='lat' dir='ltr'><strong>constat,</strong></span> <span class='ocrx_word' id='word_1_252' title='bbox 328 4179 488 4261; x_wconf 84' lang='lat' dir='ltr'><strong>perexigui</strong></span> <span class='ocrx_word' id='word_1_253' title='bbox 511 4178 648 4253; x_wconf 87' lang='lat' dir='ltr'><strong>ambitus</strong></span> <span class='ocrx_word' id='word_1_254' title='bbox 672 4182 755 4247; x_wconf 89' lang='lat' dir='ltr'><strong>sunt.</strong></span> <span class='ocrx_word' id='word_1_255' title='bbox 788 4179 893 4262; x_wconf 87' lang='lat' dir='ltr'><strong>Neque</strong></span> <span class='ocrx_word' id='word_1_256' title='bbox 917 4197 977 4244; x_wconf 92' lang='lat' dir='ltr'><strong>non</strong></span> <span class='ocrx_word' id='word_1_257' title='bbox 1001 4181 1120 4245; x_wconf 88' lang='lat' dir='ltr'><strong>veteres</strong></span> <span class='ocrx_word' id='word_1_258' title='bbox 1136 4197 1241 4262; x_wconf 87' lang='lat' dir='ltr'><strong>gram·</strong></span> 
     </span>
    </p>
   </div>
   <div class='ocr_carea' id='block_1_9' title="bbox 0 0 1472 4882">
    <p class='ocr_par' dir='ltr' id='par_1_11' title="bbox 0 0 1472 4882">
     <span class='ocr_line' id='line_1_35' title="bbox 0 0 1472 4882; baseline 0 1"><span class='ocrx_word' id='word_1_259' title='bbox 0 0 1472 4882; x_wconf 95' lang='lat' dir='ltr'><strong> </strong></span> 
     </span>
    </p>
   </div>
  </div>
 </body>
</html>
