2934 4882
458 491 473 562 ξ
495 493 536 546 11.
565 491 752 560 Aenigmatioi
772 508 873 549 versus.
1156 491 1198 560 43

130 670 296 745 eat-28,
322 669 401 733 unde
424 669 469 733 ibi
485 688 607 752 quoque
617 669 766 754 vulgatas
783 669 955 736 sentehtiae
971 671 1010 737 ad
1027 623 1200 755 elegiacum

130 776 267 839 metrum
291 776 433 841 redactas
457 795 524 841 esse
540 776 600 840 tibi
615 778 812 860 persuadeas,
836 778 898 843 nisi
913 778 994 861 quod
1010 779 1199 845 hexametris

131 898 186 944 eae
209 883 384 966 antiquitus
407 883 548 948 conditae
573 884 636 948 iam
660 883 808 959 fuerint„

377 1184 471 1269 fill.
506 1184 771 1276 Aenigmatici
795 1205 951 1254 versus.

221 1342 412 1425 Aenigmata
442 1344 475 1407 in
507 1343 567 1406 line
596 1341 755 1424 epularum
787 1346 916 1426 proponi
948 1364 964 1409 e
988 1347 1080 1414 solito
1104 1347 1200 1412 fuisse

132 1446 321 1525 Plutarchus
346 1449 459 1514 diserte
484 1431 582 1514 tradit
606 1448 747 1531 (Quaest.
764 1450 856 1514 Conv.
874 1450 902 1512 V
917 1450 1035 1535 initio).
1083 1453 1200 1532 Quibus

130 1551 210 1617 adde
234 1553 312 1636 quod
330 1554 506 1636 Hesychius
529 1554 660 1637 praebet
683 1573 707 1620 e.
724 1536 764 1621 v.³
777 1563 909 1638 γρῖφος·
934 1555 971 1618 τὸ
988 1554 1123 1621 ὄίκιοον.
1145 1558 1196 1620 καὶ

131 1660 314 1745 σομνοοτική
355 1657 488 1745 ζήτησις
522 1657 756 1745 αἰνιγμοκώόιγς
791 1665 823 1726 et
858 1660 967 1726 Pollux
1002 1652 1200 1730 Onomastico

131 1765 176 1830 VI
197 1769 260 1833 107
278 1771 340 1827 τῶν
370 1770 479 1846 μέντοι
510 1774 715 1846 συμποτικῶν
746 1765 800 1828 καὶ
832 1763 963 1849 αἴνιγμα
994 1768 1047 1860 pai
1075 1780 1198 1853 γρῖφος.

132 1871 310 1937 Athenaeus
332 1872 441 1938 deinde
457 1874 489 1936 in
505 1873 544 1936 iis
561 1892 640 1956 quae
656 1893 686 1956 p.
700 1873 844 1940 448b-
856 1875 920 1941 590
936 1877 1059 1958 exponit
1074 1877 1201 1960 griphos

132 1979 291 2059 quosdam,
315 1981 348 2044 in
371 1980 482 2063 quibus
497 1983 573 2055 tres,
598 1981 651 2062 qni
667 1979 804 2062 elegiaco
820 1971 920 2046 metro
936 1984 1101 2064 compositi
1118 1987 1199 2061 sunt,

132 2089 294 2151 memorat.
342 2089 446 2169 Atque
477 2106 575 2150 unum
608 2105 724 2162 eornm,
757 2106 849 2170 quem
870 2108 902 2171 p.
920 2090 1009 2156 loth
1042 2090 1137 2159 affert
1155 2092 1200 2154 ita

132 2209 166 2254 se
189 2192 354 2257 habentem
819 2208 821 2214 '

218 2311 303 2399 ''qu
326 2312 386 2399 γάρ
409 2338 448 2396 με
471 2316 598 2400 κέκληκε
621 2312 802 2392 θαλάσσιος
826 2312 934 2379 οἴκαδε
956 2315 1071 2399 νεκρός,

267 2421 429 2506 τεθνηκὼς
451 2420 522 2506 {coepi
546 2419 767 2506 φθεγγόμενος
791 2420 936 2502 στόματι,

131 2543 186 2607 ubi
219 2541 333 2622 κόχλον
367 2545 543 2629 intelligere
578 2566 633 2612 nos
667 2548 763 2626 iubet,
801 2547 991 2629 Theognidis
1023 2565 1089 2610 esse
1113 2545 1198 2612 dicit.

132 2650 289 2714 Mittimus
312 2669 458 2734 quaerere
486 2671 581 2735 qnare
603 2651 653 2716 illi
676 2672 722 2716 vv.
748 2654 781 2716 in
804 2655 912 2717 nostra
934 2648 1043 2720 s.‘non
1068 2654 1199 2718 exstent.

132 2759 201 2822 Ηοο
216 2760 322 2823 autem
339 2757 539 2831 attendimus,
564 2760 1038 2843 convivalemTheognideorum
1055 2778 1200 2823 versuum

131 2866 285 2932 rationem
307 2866 380 2931 inde
404 2886 525 2950 qnoque
549 2867 678 2932 elucere.
706 2904 709 2910 ·
751 2903 752 2906 =

222 2955 1053 3065 Conviviumigiturspectantetaenigmaticiversue.
1089 2973 1198 3055 Neque

132 3078 247 3144 absunt
280 3080 298 3144 'a
332 3082 438 3146 nostra
474 3081 593 3164 sylloge
628 3101 704 3165 quos
738 3100 793 3164 pro
824 3081 1003 3160 aenigmate
1034 3078 1200 3141 aestimare

133 3183 255 3252 debeas.
295 3187 390 3254 Velut
412 3186 544 3278 ille-qui
567 3188 706 3252 versibus
723 3187 877 3254 tihi-82
901 3185 1038 3267 loquitur
1053 3184 1198 3266 aenigma

132 3311 152 3357 a
183 3311 215 3357 se
243 3294 401 3377 prolatum
431 3313 498 3360 esse
529 3295 578 3359 his
602 3295 703 3371 dictis,
737 3312 814 3377 quae
845 3294 878 3357 in
902 3293 962 3356 fine
987 3292 1052 3356 eius
1076 3289 1199 3370 ecloges

131 3397 288 3481 leguntur,
313 3405 419 3487 aperte
444 3403 595 3468 declarat:

221 3525 323 3589 ταῦτά
346 3551 402 3609 μοι
425 3523 552 3612 ᾐνίχθαι
575 3532 772 3612 κεκρυμμένα
795 3537 862 3602 τοῖς
885 3520 1080 3609 ἀγαθοῖσιν·

265 3629 412 3717 γινώσκοι
435 3628 463 3698 d'
487 3632 526 3697 dv
548 3658 597 3710 τις
620 3635 673 3697 καὶ
696 3632 801 3710 κακός,
825 3629 862 3720 ἢν
885 3632 985 3717 σοφὸς
1007 3619 1045 3715 ἧ·

221 3758 374 3841 Loquitur
405 3761 510 3823 autem
541 3759 573 3822 in
603 3758 662 3822 hac
685 3758 790 3840 ecloge
806 3757 984 3822 'laborantis
1008 3759 1040 3820 et
1063 3756 1201 3840 graviter

130 3857 270 3928 afflictae
292 3866 379 3930 navis
402 3865 540 3948 imagine
563 3885 637 3929 usus
661 3864 699 3928 de
722 3884 755 3930 re
779 3864 904 3948 publica
920 3862 1000 3927 male
1017 3882 1050 3927 se
1066 3863 1200 3928 habente

132 3956 166 4031 et
185 3966 343 4034 intestinis
363 3971 462 4035 turbis
478 3973 598 4037 vexata.
638 3969 721 4048 Quos
737 3987 855 4047 versus,
880 3969 991 4051 quibus
1008 3967 1200 4035 Simonidem

131 4073 278 4156 appellat,
302 4077 392 4140 utin
416 4078 619 4160 symposiacis
642 4076 783 4140 versibus
807 4074 860 4140 ille
884 4074 1057 4159 appellatur
1080 4095 1110 4139 v.
1123 4075 1200 4151 469,

131 4178 171 4244 ad
195 4182 387 4247 convivalem
409 4183 561 4248 rationem
586 4203 678 4267 supra
700 4185 731 4266 (§
748 4184 785 4268 4)
809 4182 1031 4249 revocavimus.
