<?xml version="1.0" encoding="UTF-8"?>
<!DOCTYPE html PUBLIC "-//W3C//DTD XHTML 1.0 Transitional//EN"
    "http://www.w3.org/TR/xhtml1/DTD/xhtml1-transitional.dtd">
<html xmlns="http://www.w3.org/1999/xhtml" xml:lang="en" lang="en">
 <head>
  <title>
</title>
<meta http-equiv="Content-Type" content="text/html;charset=utf-8" />
  <meta name='ocr-system' content='tesseract 3.04.00' />
  <meta name='ocr-capabilities' content='ocr_page ocr_carea ocr_par ocr_line ocrx_word'/>
</head>
<body>
  <div class='ocr_page' id='page_1' title='image "./exusuconvivalit00wendgoog_0079.png"; bbox 0 0 2934 4882; ppageno 0'>
   <div class='ocr_carea' id='block_1_1' title="bbox 235 472 1224 544">
    <p class='ocr_par' dir='ltr' id='par_1_1' title="bbox 235 472 1224 544">
     <span class='ocr_line' id='line_1_1' title="bbox 235 472 1224 544; baseline 0.001 -14"><span class='ocrx_word' id='word_1_1' title='bbox 235 478 276 542; x_wconf 83' lang='lat'>72</span> <span class='ocrx_word' id='word_1_2' title='bbox 323 477 340 543; x_wconf 64' lang='grc' dir='ltr'><strong>ἕ</strong></span> <span class='ocrx_word' id='word_1_3' title='bbox 359 475 401 530; x_wconf 85' lang='grc'>17.</span> <span class='ocrx_word' id='word_1_4' title='bbox 429 476 568 544; x_wconf 80' lang='lat' dir='ltr'><strong>Quomodo</strong></span> <span class='ocrx_word' id='word_1_5' title='bbox 587 474 712 530; x_wconf 75' lang='lat' dir='ltr'>eminere</span> <span class='ocrx_word' id='word_1_6' title='bbox 729 474 860 544; x_wconf 85' lang='lat' dir='ltr'>potuerit,</span> <span class='ocrx_word' id='word_1_7' title='bbox 880 480 912 530; x_wconf 92' lang='lat' dir='ltr'>ut</span> <span class='ocrx_word' id='word_1_8' title='bbox 929 480 1026 530; x_wconf 77' lang='lat' dir='ltr'>nostra</span> <span class='ocrx_word' id='word_1_9' title='bbox 1043 472 1152 544; x_wconf 79' lang='lat' dir='ltr'>sylloge</span> <span class='ocrx_word' id='word_1_10' title='bbox 1168 480 1224 531; x_wconf 80' lang='lat' dir='ltr'>ota</span> 
     </span>
    </p>
   </div>
   <div class='ocr_carea' id='block_1_2' title="bbox 234 653 1318 2048">
    <p class='ocr_par' dir='ltr' id='par_1_2' title="bbox 234 653 1314 1500">
     <span class='ocr_line' id='line_1_2' title="bbox 234 653 1313 741; baseline 0 -21"><span class='ocrx_word' id='word_1_11' title='bbox 234 655 401 741; x_wconf 79' lang='lat' dir='ltr'>sphragide</span> <span class='ocrx_word' id='word_1_12' title='bbox 426 675 485 721; x_wconf 91' lang='lat' dir='ltr'>uon</span> <span class='ocrx_word' id='word_1_13' title='bbox 508 658 624 722; x_wconf 85' lang='lat' dir='ltr'>carent.</span> <span class='ocrx_word' id='word_1_14' title='bbox 656 656 692 720; x_wconf 95' lang='lat' dir='ltr'>ln</span> <span class='ocrx_word' id='word_1_15' title='bbox 715 656 827 739; x_wconf 90' lang='lat' dir='ltr'>quibus</span> <span class='ocrx_word' id='word_1_16' title='bbox 850 655 967 720; x_wconf 88' lang='lat' dir='ltr'>duobus</span> <span class='ocrx_word' id='word_1_17' title='bbox 990 653 1065 719; x_wconf 87' lang='lat' dir='ltr'>locis</span> <span class='ocrx_word' id='word_1_18' title='bbox 1088 653 1125 717; x_wconf 87' lang='lat' dir='ltr'>do</span> <span class='ocrx_word' id='word_1_19' title='bbox 1141 655 1313 737; x_wconf 79' lang='lat' dir='ltr'><strong>tyrannide</strong></span> 
     </span>
     <span class='ocr_line' id='line_1_3' title="bbox 234 758 1312 845; baseline -0.001 -17"><span class='ocrx_word' id='word_1_20' title='bbox 234 762 355 845; x_wconf 86' lang='lat' dir='ltr'>patriae</span> <span class='ocrx_word' id='word_1_21' title='bbox 385 781 459 827; x_wconf 91' lang='lat' dir='ltr'>suae</span> <span class='ocrx_word' id='word_1_22' title='bbox 482 761 659 825; x_wconf 81' lang='lat' dir='ltr'>imminenti</span> <span class='ocrx_word' id='word_1_23' title='bbox 682 761 774 844; x_wconf 76' lang='lat' dir='ltr'>potita</span> <span class='ocrx_word' id='word_1_24' title='bbox 797 759 921 835; x_wconf 82' lang='lat' dir='ltr'>metuit,</span> <span class='ocrx_word' id='word_1_25' title='bbox 953 778 1082 842; x_wconf 89' lang='lat' dir='ltr'>quorum</span> <span class='ocrx_word' id='word_1_26' title='bbox 1105 758 1207 826; x_wconf 90' lang='lat' dir='ltr'>altero</span> <span class='ocrx_word' id='word_1_27' title='bbox 1230 760 1312 837; x_wconf 91' lang='lat' dir='ltr'>loco,</span> 
     </span>
     <span class='ocr_line' id='line_1_4' title="bbox 235 860 1314 950; baseline 0.003 -19"><span class='ocrx_word' id='word_1_28' title='bbox 235 868 267 932; x_wconf 89' lang='lat' dir='ltr'>b.</span> <span class='ocrx_word' id='word_1_29' title='bbox 291 886 317 933; x_wconf 88' lang='lat' dir='ltr'>e.</span> <span class='ocrx_word' id='word_1_30' title='bbox 342 888 391 934; x_wconf 85' lang='lat' dir='ltr'>vr.</span> <span class='ocrx_word' id='word_1_31' title='bbox 416 868 559 944; x_wconf 74' lang='lat'>43—52,</span> <span class='ocrx_word' id='word_1_32' title='bbox 591 867 622 930; x_wconf 93' lang='lat' dir='ltr'>iu</span> <span class='ocrx_word' id='word_1_33' title='bbox 648 866 806 950; x_wconf 88' lang='lat' dir='ltr'>improbos</span> <span class='ocrx_word' id='word_1_34' title='bbox 829 867 973 932; x_wconf 91' lang='lat' dir='ltr'>homines</span> <span class='ocrx_word' id='word_1_35' title='bbox 995 866 1089 931; x_wconf 90' lang='lat' dir='ltr'>verba</span> <span class='ocrx_word' id='word_1_36' title='bbox 1112 860 1231 931; x_wconf 84' lang='lat' dir='ltr'>faciens</span> <span class='ocrx_word' id='word_1_37' title='bbox 1256 869 1314 950; x_wconf 88' lang='lat' dir='ltr'>qui</span> 
     </span>
     <span class='ocr_line' id='line_1_5' title="bbox 235 966 1314 1057; baseline 0.002 -20"><span class='ocrx_word' id='word_1_38' title='bbox 235 974 359 1057; x_wconf 88' lang='lat' dir='ltr'>publico</span> <span class='ocrx_word' id='word_1_39' title='bbox 391 992 463 1038; x_wconf 93' lang='lat' dir='ltr'>oum</span> <span class='ocrx_word' id='word_1_40' title='bbox 495 966 606 1037; x_wconf 88' lang='lat' dir='ltr'>damno</span> <span class='ocrx_word' id='word_1_41' title='bbox 638 973 776 1055; x_wconf 89' lang='lat' dir='ltr'>ipsorum</span> <span class='ocrx_word' id='word_1_42' title='bbox 809 970 979 1037; x_wconf 88' lang='lat' dir='ltr'>commodis</span> <span class='ocrx_word' id='word_1_43' title='bbox 1008 972 1190 1049; x_wconf 77' lang='lat' dir='ltr'>inserviant,</span> <span class='ocrx_word' id='word_1_44' title='bbox 1225 974 1314 1039; x_wconf 90' lang='lat' dir='ltr'>undo</span> 
     </span>
     <span class='ocr_line' id='line_1_6' title="bbox 236 1078 1314 1172; baseline 0.002 -29"><span class='ocrx_word' id='word_1_45' title='bbox 236 1079 413 1172; x_wconf 27' lang='lat' dir='ltr'>intestinae·</span> <span class='ocrx_word' id='word_1_46' title='bbox 429 1078 569 1144; x_wconf 84' lang='lat' dir='ltr'>ciuitatis</span> <span class='ocrx_word' id='word_1_47' title='bbox 591 1078 700 1142; x_wconf 88' lang='lat' dir='ltr'>turbae</span> <span class='ocrx_word' id='word_1_48' title='bbox 724 1078 857 1143; x_wconf 84' lang='lat' dir='ltr'>evadant</span> <span class='ocrx_word' id='word_1_49' title='bbox 880 1095 1005 1142; x_wconf 87' lang='lat' dir='ltr'>necesse</span> <span class='ocrx_word' id='word_1_50' title='bbox 1028 1078 1070 1142; x_wconf 86' lang='lat' dir='ltr'>sit</span> <span class='ocrx_word' id='word_1_51' title='bbox 1087 1080 1120 1142; x_wconf 89' lang='lat' dir='ltr'>et</span> <span class='ocrx_word' id='word_1_52' title='bbox 1135 1081 1314 1157; x_wconf 82' lang='lat' dir='ltr'>monarchi,</span> 
     </span>
     <span class='ocr_line' id='line_1_7' title="bbox 235 1185 716 1270; baseline -0.008 -19"><span class='ocrx_word' id='word_1_53' title='bbox 235 1187 283 1251; x_wconf 86' lang='lat' dir='ltr'>ita</span> <span class='ocrx_word' id='word_1_54' title='bbox 306 1185 442 1270; x_wconf 91' lang='lat' dir='ltr'>loquitur</span> <span class='ocrx_word' id='word_1_55' title='bbox 465 1185 536 1250; x_wconf 88' lang='lat' dir='ltr'>inde</span> <span class='ocrx_word' id='word_1_56' title='bbox 560 1205 580 1250; x_wconf 92' lang='lat' dir='ltr'>a</span> <span class='ocrx_word' id='word_1_57' title='bbox 603 1204 630 1250; x_wconf 86' lang='lat' dir='ltr'>u.</span> <span class='ocrx_word' id='word_1_58' title='bbox 656 1185 716 1252; x_wconf 80' lang='lat'>51:</span> 
     </span>
     <span class='ocr_line' id='line_1_8' title="bbox 328 1303 1241 1394; baseline 0 -22"><span class='ocrx_word' id='word_1_59' title='bbox 328 1305 361 1372; x_wconf 76' lang='grc' dir='ltr'>ἐκ</span> <span class='ocrx_word' id='word_1_60' title='bbox 384 1315 447 1372; x_wconf 75' lang='grc' dir='ltr'>τῶν</span> <span class='ocrx_word' id='word_1_61' title='bbox 470 1308 530 1393; x_wconf 76' lang='grc' dir='ltr'>γὰρ</span> <span class='ocrx_word' id='word_1_62' title='bbox 554 1306 685 1385; x_wconf 82' lang='grc' dir='ltr'><em>οτάσιές</em></span> <span class='ocrx_word' id='word_1_63' title='bbox 708 1331 742 1373; x_wconf 86' lang='grc' dir='ltr'>τε</span> <span class='ocrx_word' id='word_1_64' title='bbox 764 1308 819 1372; x_wconf 84' lang='grc' dir='ltr'>καὶ</span> <span class='ocrx_word' id='word_1_65' title='bbox 841 1306 979 1391; x_wconf 54' lang='lat' dir='ltr'>&amp;reputor</span> <span class='ocrx_word' id='word_1_66' title='bbox 1001 1306 1095 1393; x_wconf 79' lang='grc' dir='ltr'><strong><em>φόνοι</em></strong></span> <span class='ocrx_word' id='word_1_67' title='bbox 1117 1303 1241 1394; x_wconf 72' lang='grc' dir='ltr'><em>ἀνδρῶν</em></span> 
     </span>
     <span class='ocr_line' id='line_1_9' title="bbox 371 1408 1158 1500; baseline -0.003 -20"><span class='ocrx_word' id='word_1_68' title='bbox 371 1414 547 1498; x_wconf 79' lang='grc' dir='ltr'><strong><em>μούναρχοί</em></strong></span> <span class='ocrx_word' id='word_1_69' title='bbox 569 1408 617 1487; x_wconf 72' lang='grc' dir='ltr'>θ’,</span> <span class='ocrx_word' id='word_1_70' title='bbox 642 1409 664 1474; x_wconf 76' lang='grc' dir='ltr'><em>ἃ</em></span> <span class='ocrx_word' id='word_1_71' title='bbox 688 1411 783 1477; x_wconf 78' lang='grc' dir='ltr'><strong><em>πόλει</em></strong></span> <span class='ocrx_word' id='word_1_72' title='bbox 805 1411 930 1498; x_wconf 74' lang='grc' dir='ltr'><strong><em>μήποτε</em></strong></span> <span class='ocrx_word' id='word_1_73' title='bbox 952 1413 1025 1498; x_wconf 78' lang='grc' dir='ltr'>τῇδε</span> <span class='ocrx_word' id='word_1_74' title='bbox 1047 1410 1158 1500; x_wconf 53' lang='grc' dir='ltr'>ἅᾷοιέ)</span> 
     </span>
    </p>

    <p class='ocr_par' dir='ltr' id='par_1_3' title="bbox 239 1535 1318 2048">
     <span class='ocr_line' id='line_1_10' title="bbox 239 1535 1316 1625; baseline 0.001 -19"><span class='ocrx_word' id='word_1_75' title='bbox 239 1541 287 1606; x_wconf 91' lang='lat' dir='ltr'>Ibi</span> <span class='ocrx_word' id='word_1_76' title='bbox 320 1541 399 1625; x_wconf 86' lang='lat' dir='ltr'>quod</span> <span class='ocrx_word' id='word_1_77' title='bbox 435 1541 511 1605; x_wconf 86' lang='lat' dir='ltr'>dicit</span> <span class='ocrx_word' id='word_1_78' title='bbox 545 1535 566 1601; x_wconf 81' lang='grc' dir='ltr'><strong><em>ἃ</em></strong></span> <span class='ocrx_word' id='word_1_79' title='bbox 595 1536 691 1602; x_wconf 81' lang='grc' dir='ltr'><strong><em>πόλει</em></strong></span> <span class='ocrx_word' id='word_1_80' title='bbox 713 1536 841 1624; x_wconf 82' lang='grc' dir='ltr'><em>μήποτε</em></span> <span class='ocrx_word' id='word_1_81' title='bbox 863 1537 939 1623; x_wconf 76' lang='grc' dir='ltr'>τῇδε</span> <span class='ocrx_word' id='word_1_82' title='bbox 962 1535 1046 1615; x_wconf 79' lang='grc' dir='ltr'><strong><em>ἅδοι,</em></strong></span> <span class='ocrx_word' id='word_1_83' title='bbox 1080 1560 1197 1622; x_wconf 83' lang='lat' dir='ltr'>magua</span> <span class='ocrx_word' id='word_1_84' title='bbox 1231 1543 1316 1607; x_wconf 85' lang='lat' dir='ltr'>milri</span> 
     </span>
     <span class='ocr_line' id='line_1_11' title="bbox 239 1646 1316 1731; baseline 0.003 -20"><span class='ocrx_word' id='word_1_85' title='bbox 239 1647 392 1712; x_wconf 74' lang='lat' dir='ltr'>dubitatio</span> <span class='ocrx_word' id='word_1_86' title='bbox 417 1647 563 1722; x_wconf 85' lang='lat' dir='ltr'>exoritur,</span> <span class='ocrx_word' id='word_1_87' title='bbox 587 1665 661 1709; x_wconf 88' lang='lat' dir='ltr'>num</span> <span class='ocrx_word' id='word_1_88' title='bbox 684 1646 872 1712; x_wconf 82' lang='lat' dir='ltr'>Isthmiacos</span> <span class='ocrx_word' id='word_1_89' title='bbox 893 1648 1091 1731; x_wconf 87' lang='lat' dir='ltr'>Megarorum</span> <span class='ocrx_word' id='word_1_90' title='bbox 1115 1648 1203 1712; x_wconf 89' lang='lat' dir='ltr'>urbis</span> <span class='ocrx_word' id='word_1_91' title='bbox 1226 1649 1316 1714; x_wconf 88' lang='lat' dir='ltr'>cives</span> 
     </span>
     <span class='ocr_line' id='line_1_12' title="bbox 240 1751 1317 1835; baseline 0 -15"><span class='ocrx_word' id='word_1_92' title='bbox 240 1753 343 1834; x_wconf 87' lang='lat' dir='ltr'>fuerit,</span> <span class='ocrx_word' id='word_1_93' title='bbox 377 1755 441 1818; x_wconf 87' lang='lat' dir='ltr'>sive</span> <span class='ocrx_word' id='word_1_94' title='bbox 471 1752 574 1818; x_wconf 89' lang='lat' dir='ltr'>medio</span> <span class='ocrx_word' id='word_1_95' title='bbox 599 1751 721 1817; x_wconf 88' lang='lat' dir='ltr'>saeculo</span> <span class='ocrx_word' id='word_1_96' title='bbox 746 1754 833 1817; x_wconf 84' lang='lat' dir='ltr'>sexto</span> <span class='ocrx_word' id='word_1_97' title='bbox 857 1753 921 1817; x_wconf 85' lang='lat' dir='ltr'>sive</span> <span class='ocrx_word' id='word_1_98' title='bbox 944 1756 1054 1835; x_wconf 88' lang='lat' dir='ltr'>postea</span> <span class='ocrx_word' id='word_1_99' title='bbox 1076 1771 1146 1818; x_wconf 88' lang='lat' dir='ltr'>eum</span> <span class='ocrx_word' id='word_1_100' title='bbox 1168 1754 1317 1820; x_wconf 86' lang='lat' dir='ltr'>floruisse</span> 
     </span>
     <span class='ocr_line' id='line_1_13' title="bbox 242 1856 1318 1943; baseline 0 -17"><span class='ocrx_word' id='word_1_101' title='bbox 242 1861 365 1926; x_wconf 81' lang='lat' dir='ltr'>dixeris.</span> <span class='ocrx_word' id='word_1_102' title='bbox 412 1860 565 1941; x_wconf 87' lang='lat' dir='ltr'>Loquitur</span> <span class='ocrx_word' id='word_1_103' title='bbox 596 1859 679 1921; x_wconf 90' lang='lat' dir='ltr'>enim</span> <span class='ocrx_word' id='word_1_104' title='bbox 710 1856 838 1941; x_wconf 91' lang='lat' dir='ltr'>proinde</span> <span class='ocrx_word' id='word_1_105' title='bbox 869 1877 906 1923; x_wconf 90' lang='lat' dir='ltr'>ac</span> <span class='ocrx_word' id='word_1_106' title='bbox 936 1859 964 1923; x_wconf 91' lang='lat' dir='ltr'>si</span> <span class='ocrx_word' id='word_1_107' title='bbox 989 1857 1068 1923; x_wconf 94' lang='lat' dir='ltr'>illud</span> <span class='ocrx_word' id='word_1_108' title='bbox 1091 1860 1171 1943; x_wconf 92' lang='lat' dir='ltr'>quod</span> <span class='ocrx_word' id='word_1_109' title='bbox 1194 1862 1318 1926; x_wconf 90' lang='lat' dir='ltr'>metuit</span> 
     </span>
     <span class='ocr_line' id='line_1_14' title="bbox 241 1963 1318 2048; baseline 0.001 -17"><span class='ocrx_word' id='word_1_110' title='bbox 241 1965 496 2031; x_wconf 80' lang='lat' dir='ltr'>antecedentibus</span> <span class='ocrx_word' id='word_1_111' title='bbox 520 1963 711 2046; x_wconf 87' lang='lat' dir='ltr'>temporibus</span> <span class='ocrx_word' id='word_1_112' title='bbox 733 1984 893 2048; x_wconf 90' lang='lat' dir='ltr'>nunquam</span> <span class='ocrx_word' id='word_1_113' title='bbox 916 1964 1089 2031; x_wconf 88' lang='lat' dir='ltr'>accidisset.</span> <span class='ocrx_word' id='word_1_114' title='bbox 1136 1968 1185 2031; x_wconf 86' lang='lat' dir='ltr'>An</span> <span class='ocrx_word' id='word_1_115' title='bbox 1206 1969 1318 2032; x_wconf 88' lang='lat' dir='ltr'>aetate</span> 
     </span>
    </p>
   </div>
   <div class='ocr_carea' id='block_1_3' title="bbox 110 2071 1453 2155">
    <p class='ocr_par' dir='ltr' id='par_1_4' title="bbox 110 2071 1453 2155">
     <span class='ocr_line' id='line_1_15' title="bbox 110 2071 1453 2155; baseline 0.007 -26"><span class='ocrx_word' id='word_1_116' title='bbox 110 2125 113 2129; x_wconf 77' lang='grc'>,</span> <span class='ocrx_word' id='word_1_117' title='bbox 242 2071 440 2152; x_wconf 79' lang='lat' dir='ltr'>Theogenom</span> <span class='ocrx_word' id='word_1_118' title='bbox 463 2071 578 2153; x_wconf 85' lang='lat' dir='ltr'>praeiit</span> <span class='ocrx_word' id='word_1_119' title='bbox 601 2071 634 2134; x_wconf 92' lang='lat' dir='ltr'>et</span> <span class='ocrx_word' id='word_1_120' title='bbox 656 2071 733 2134; x_wconf 89' lang='lat' dir='ltr'>baec</span> <span class='ocrx_word' id='word_1_121' title='bbox 757 2072 974 2137; x_wconf 79' lang='lat' dir='ltr'>enuntiaverat</span> <span class='ocrx_word' id='word_1_122' title='bbox 996 2072 1181 2155; x_wconf 85' lang='lat' dir='ltr'>priusquam</span> <span class='ocrx_word' id='word_1_123' title='bbox 1203 2073 1259 2137; x_wconf 89' lang='lat' dir='ltr'>ille</span> <span class='ocrx_word' id='word_1_124' title='bbox 1281 2074 1317 2138; x_wconf 89' lang='lat' dir='ltr'>in</span> <span class='ocrx_word' id='word_1_125' title='bbox 1440 2116 1453 2121; x_wconf 92' lang='lat'><em>-</em></span> 
     </span>
    </p>
   </div>
   <div class='ocr_carea' id='block_1_4' title="bbox 242 2176 1323 3643">
    <p class='ocr_par' dir='ltr' id='par_1_5' title="bbox 242 2176 1323 3643">
     <span class='ocr_line' id='line_1_16' title="bbox 242 2176 1317 2262; baseline 0.001 -21"><span class='ocrx_word' id='word_1_126' title='bbox 242 2176 371 2242; x_wconf 84' lang='lat' dir='ltr'>civitate</span> <span class='ocrx_word' id='word_1_127' title='bbox 405 2176 575 2242; x_wconf 88' lang='lat' dir='ltr'>Isthmiaca</span> <span class='ocrx_word' id='word_1_128' title='bbox 608 2195 738 2259; x_wconf 90' lang='lat' dir='ltr'>regnum</span> <span class='ocrx_word' id='word_1_129' title='bbox 774 2178 919 2255; x_wconf 85' lang='lat' dir='ltr'>obtinuit,</span> <span class='ocrx_word' id='word_1_130' title='bbox 955 2179 1008 2262; x_wconf 91' lang='lat' dir='ltr'>qui</span> <span class='ocrx_word' id='word_1_131' title='bbox 1035 2182 1164 2243; x_wconf 88' lang='lat' dir='ltr'>exeunte</span> <span class='ocrx_word' id='word_1_132' title='bbox 1189 2177 1317 2244; x_wconf 87' lang='lat' dir='ltr'>saeculo</span> 
     </span>
     <span class='ocr_line' id='line_1_17' title="bbox 242 2283 1316 2368; baseline -0.001 -18"><span class='ocrx_word' id='word_1_133' title='bbox 242 2285 375 2368; x_wconf 89' lang='lat' dir='ltr'>septimo</span> <span class='ocrx_word' id='word_1_134' title='bbox 392 2286 542 2367; x_wconf 88' lang='lat' dir='ltr'>tyrannus</span> <span class='ocrx_word' id='word_1_135' title='bbox 557 2284 602 2347; x_wconf 90' lang='lat' dir='ltr'>ibi</span> <span class='ocrx_word' id='word_1_136' title='bbox 618 2284 774 2348; x_wconf 81' lang='lat' dir='ltr'>exstitisse</span> <span class='ocrx_word' id='word_1_137' title='bbox 790 2283 883 2364; x_wconf 83' lang='lat' dir='ltr'>uulgo</span> <span class='ocrx_word' id='word_1_138' title='bbox 899 2283 1055 2350; x_wconf 74' lang='lat' dir='ltr'>creditur?</span> <span class='ocrx_word' id='word_1_139' title='bbox 1092 2284 1162 2349; x_wconf 89' lang='lat' dir='ltr'>Hoc</span> <span class='ocrx_word' id='word_1_140' title='bbox 1179 2283 1316 2350; x_wconf 84' lang='lat' dir='ltr'>fortasse</span> 
     </span>
     <span class='ocr_line' id='line_1_18' title="bbox 242 2389 1318 2476; baseline -0.001 -19"><span class='ocrx_word' id='word_1_141' title='bbox 242 2393 316 2476; x_wconf 92' lang='lat' dir='ltr'>poni</span> <span class='ocrx_word' id='word_1_142' title='bbox 338 2389 485 2475; x_wconf 75' lang='lat' dir='ltr'>potesl‚²)</span> <span class='ocrx_word' id='word_1_143' title='bbox 508 2390 562 2454; x_wconf 84' lang='lat' dir='ltr'>sed</span> <span class='ocrx_word' id='word_1_144' title='bbox 586 2390 613 2453; x_wconf 89' lang='lat' dir='ltr'>si</span> <span class='ocrx_word' id='word_1_145' title='bbox 636 2390 770 2472; x_wconf 88' lang='lat' dir='ltr'>ponitur,</span> <span class='ocrx_word' id='word_1_146' title='bbox 796 2389 873 2454; x_wconf 92' lang='lat' dir='ltr'>illud</span> <span class='ocrx_word' id='word_1_147' title='bbox 889 2410 925 2454; x_wconf 92' lang='lat' dir='ltr'>eo</span> <span class='ocrx_word' id='word_1_148' title='bbox 946 2391 1012 2474; x_wconf 93' lang='lat' dir='ltr'>ipso</span> <span class='ocrx_word' id='word_1_149' title='bbox 1028 2391 1117 2456; x_wconf 91' lang='lat' dir='ltr'>nobis</span> <span class='ocrx_word' id='word_1_150' title='bbox 1133 2391 1318 2456; x_wconf 89' lang='lat' dir='ltr'>conceditur</span> 
     </span>
     <span class='ocr_line' id='line_1_19' title="bbox 243 2496 1318 2583; baseline -0.001 -20"><span class='ocrx_word' id='word_1_151' title='bbox 243 2499 323 2583; x_wconf 89' lang='lat' dir='ltr'>quod</span> <span class='ocrx_word' id='word_1_152' title='bbox 339 2499 517 2581; x_wconf 82' lang='lat' dir='ltr'>peruincere</span> <span class='ocrx_word' id='word_1_153' title='bbox 533 2497 703 2573; x_wconf 86' lang='lat' dir='ltr'>studemus,</span> <span class='ocrx_word' id='word_1_154' title='bbox 727 2516 776 2561; x_wconf 84' lang='lat' dir='ltr'>vu.</span> <span class='ocrx_word' id='word_1_155' title='bbox 792 2498 946 2564; x_wconf 77' lang='lat'><strong>773-82</strong></span> <span class='ocrx_word' id='word_1_156' title='bbox 962 2517 980 2561; x_wconf 91' lang='lat' dir='ltr'>a</span> <span class='ocrx_word' id='word_1_157' title='bbox 996 2496 1176 2580; x_wconf 68' lang='lat' dir='ltr'>&#39;theognide</span> <span class='ocrx_word' id='word_1_158' title='bbox 1193 2496 1318 2562; x_wconf 90' lang='lat' dir='ltr'>alienos</span> 
     </span>
     <span class='ocr_line' id='line_1_20' title="bbox 244 2602 1318 2685; baseline -0.002 -14"><span class='ocrx_word' id='word_1_159' title='bbox 244 2625 321 2672; x_wconf 88' lang='lat' dir='ltr'>esse.</span> <span class='ocrx_word' id='word_1_160' title='bbox 358 2605 505 2669; x_wconf 85' lang='lat' dir='ltr'>Ceterum</span> <span class='ocrx_word' id='word_1_161' title='bbox 517 2602 689 2667; x_wconf 79' lang='lat' dir='ltr'>Siciliensis</span> <span class='ocrx_word' id='word_1_162' title='bbox 702 2603 902 2685; x_wconf 89' lang='lat' dir='ltr'>Megarorum</span> <span class='ocrx_word' id='word_1_163' title='bbox 918 2603 991 2667; x_wconf 86' lang='lat' dir='ltr'>urbs</span> <span class='ocrx_word' id='word_1_164' title='bbox 1007 2602 1103 2668; x_wconf 88' lang='lat' dir='ltr'>donec</span> <span class='ocrx_word' id='word_1_165' title='bbox 1118 2602 1190 2680; x_wconf 89' lang='lat' dir='ltr'>fuit,</span> <span class='ocrx_word' id='word_1_166' title='bbox 1214 2603 1318 2669; x_wconf 85' lang='lat' dir='ltr'>libera</span> 
     </span>
     <span class='ocr_line' id='line_1_21' title="bbox 244 2707 1318 2793; baseline 0.001 -18"><span class='ocrx_word' id='word_1_167' title='bbox 244 2731 264 2776; x_wconf 93' lang='lat' dir='ltr'>a</span> <span class='ocrx_word' id='word_1_168' title='bbox 294 2711 454 2793; x_wconf 84' lang='lat' dir='ltr'>tyrannico</span> <span class='ocrx_word' id='word_1_169' title='bbox 485 2727 581 2789; x_wconf 85' lang='lat' dir='ltr'>regno</span> <span class='ocrx_word' id='word_1_170' title='bbox 613 2708 681 2771; x_wconf 77' lang='lat' dir='ltr'>linit.</span> <span class='ocrx_word' id='word_1_171' title='bbox 730 2707 831 2786; x_wconf 82' lang='lat' dir='ltr'>Quam</span> <span class='ocrx_word' id='word_1_172' title='bbox 863 2714 969 2774; x_wconf 89' lang='lat' dir='ltr'>tamen</span> <span class='ocrx_word' id='word_1_173' title='bbox 999 2728 1092 2793; x_wconf 86' lang='lat' dir='ltr'>aegre</span> <span class='ocrx_word' id='word_1_174' title='bbox 1123 2708 1257 2775; x_wconf 85' lang='lat' dir='ltr'>liberam</span> <span class='ocrx_word' id='word_1_175' title='bbox 1283 2731 1318 2776; x_wconf 87' lang='lat' dir='ltr'>se</span> 
     </span>
     <span class='ocr_line' id='line_1_22' title="bbox 245 2813 1318 2899; baseline 0.001 -20"><span class='ocrx_word' id='word_1_176' title='bbox 245 2832 368 2879; x_wconf 90' lang='lat' dir='ltr'>servare</span> <span class='ocrx_word' id='word_1_177' title='bbox 390 2815 528 2896; x_wconf 91' lang='lat' dir='ltr'>potuisse</span> <span class='ocrx_word' id='word_1_178' title='bbox 551 2813 623 2877; x_wconf 88' lang='lat' dir='ltr'>indo</span> <span class='ocrx_word' id='word_1_179' title='bbox 647 2833 715 2877; x_wconf 88' lang='lat' dir='ltr'>cum</span> <span class='ocrx_word' id='word_1_180' title='bbox 740 2815 845 2898; x_wconf 89' lang='lat' dir='ltr'>aliqua</span> <span class='ocrx_word' id='word_1_181' title='bbox 867 2816 1087 2899; x_wconf 86' lang='lat' dir='ltr'>probabilitate</span> <span class='ocrx_word' id='word_1_182' title='bbox 1109 2815 1216 2880; x_wconf 86' lang='lat' dir='ltr'>licebit</span> <span class='ocrx_word' id='word_1_183' title='bbox 1240 2835 1318 2882; x_wconf 91' lang='lat' dir='ltr'>con-</span> 
     </span>
     <span class='ocr_line' id='line_1_23' title="bbox 245 2918 1318 3003; baseline 0.003 -18"><span class='ocrx_word' id='word_1_184' title='bbox 245 2920 379 2997; x_wconf 88' lang='lat' dir='ltr'>cludere,</span> <span class='ocrx_word' id='word_1_185' title='bbox 403 2919 482 3003; x_wconf 92' lang='lat' dir='ltr'>quod</span> <span class='ocrx_word' id='word_1_186' title='bbox 506 2920 538 2982; x_wconf 93' lang='lat' dir='ltr'>in</span> <span class='ocrx_word' id='word_1_187' title='bbox 562 2918 716 3003; x_wconf 86' lang='lat' dir='ltr'>plerisque</span> <span class='ocrx_word' id='word_1_188' title='bbox 733 2919 858 2986; x_wconf 84' lang='lat' dir='ltr'>Siciliae</span> <span class='ocrx_word' id='word_1_189' title='bbox 883 2923 1064 2988; x_wconf 82' lang='lat' dir='ltr'>ciuitatibus</span> <span class='ocrx_word' id='word_1_190' title='bbox 1081 2922 1207 2988; x_wconf 85' lang='lat' dir='ltr'>Graecis</span> <span class='ocrx_word' id='word_1_191' title='bbox 1226 2926 1318 2988; x_wconf 85' lang='lat' dir='ltr'>sexto</span> 
     </span>
     <span class='ocr_line' id='line_1_24' title="bbox 246 3025 1319 3112; baseline 0.001 -19"><span class='ocrx_word' id='word_1_192' title='bbox 246 3025 369 3093; x_wconf 88' lang='lat' dir='ltr'>saeculo</span> <span class='ocrx_word' id='word_1_193' title='bbox 400 3027 524 3109; x_wconf 87' lang='lat' dir='ltr'>tyranni</span> <span class='ocrx_word' id='word_1_194' title='bbox 555 3046 659 3091; x_wconf 89' lang='lat' dir='ltr'>rerum</span> <span class='ocrx_word' id='word_1_195' title='bbox 688 3027 782 3110; x_wconf 89' lang='lat' dir='ltr'>potiti</span> <span class='ocrx_word' id='word_1_196' title='bbox 813 3032 895 3105; x_wconf 89' lang='lat' dir='ltr'>suut,</span> <span class='ocrx_word' id='word_1_197' title='bbox 926 3029 1009 3093; x_wconf 89' lang='lat' dir='ltr'>inter</span> <span class='ocrx_word' id='word_1_198' title='bbox 1041 3047 1117 3112; x_wconf 91' lang='lat' dir='ltr'>quos</span> <span class='ocrx_word' id='word_1_199' title='bbox 1140 3029 1192 3111; x_wconf 88' lang='lat' dir='ltr'>qui</span> <span class='ocrx_word' id='word_1_200' title='bbox 1216 3027 1319 3094; x_wconf 84' lang='lat' dir='ltr'>Gelae</span> 
     </span>
     <span class='ocr_line' id='line_1_25' title="bbox 246 3134 1320 3218; baseline 0.003 -20"><span class='ocrx_word' id='word_1_201' title='bbox 246 3135 279 3198; x_wconf 91' lang='lat' dir='ltr'>et</span> <span class='ocrx_word' id='word_1_202' title='bbox 308 3136 416 3216; x_wconf 88' lang='lat' dir='ltr'>postea</span> <span class='ocrx_word' id='word_1_203' title='bbox 445 3134 606 3216; x_wconf 81' lang='lat' dir='ltr'>Syracusis</span> <span class='ocrx_word' id='word_1_204' title='bbox 638 3135 749 3216; x_wconf 92' lang='lat' dir='ltr'>iugum</span> <span class='ocrx_word' id='word_1_205' title='bbox 777 3135 990 3218; x_wconf 89' lang='lat' dir='ltr'>imposuerant</span> <span class='ocrx_word' id='word_1_206' title='bbox 1013 3138 1045 3199; x_wconf 90' lang='lat' dir='ltr'>et</span> <span class='ocrx_word' id='word_1_207' title='bbox 1067 3135 1120 3218; x_wconf 92' lang='lat' dir='ltr'>qui</span> <span class='ocrx_word' id='word_1_208' title='bbox 1144 3136 1320 3218; x_wconf 84' lang='lat' dir='ltr'>Agrigenti</span> 
     </span>
     <span class='ocr_line' id='line_1_26' title="bbox 246 3240 1320 3324; baseline 0.003 -21"><span class='ocrx_word' id='word_1_209' title='bbox 246 3259 377 3322; x_wconf 91' lang='lat' dir='ltr'>regnum</span> <span class='ocrx_word' id='word_1_210' title='bbox 409 3243 574 3304; x_wconf 89' lang='lat' dir='ltr'>tenuerunt</span> <span class='ocrx_word' id='word_1_211' title='bbox 602 3240 803 3305; x_wconf 84' lang='lat' dir='ltr'>excellebant.</span> <span class='ocrx_word' id='word_1_212' title='bbox 849 3240 977 3324; x_wconf 88' lang='lat' dir='ltr'>Aliquid</span> <span class='ocrx_word' id='word_1_213' title='bbox 1010 3242 1104 3306; x_wconf 88' lang='lat' dir='ltr'>etiam</span> <span class='ocrx_word' id='word_1_214' title='bbox 1133 3242 1162 3305; x_wconf 87' lang='lat' dir='ltr'>oi</span> <span class='ocrx_word' id='word_1_215' title='bbox 1186 3241 1234 3306; x_wconf 90' lang='lat' dir='ltr'>rei</span> <span class='ocrx_word' id='word_1_216' title='bbox 1257 3242 1320 3306; x_wconf 88' lang='lat' dir='ltr'>tri-</span> 
     </span>
     <span class='ocr_line' id='line_1_27' title="bbox 247 3344 1321 3431; baseline 0.005 -23"><span class='ocrx_word' id='word_1_217' title='bbox 247 3346 378 3420; x_wconf 91' lang='lat' dir='ltr'>buerim,</span> <span class='ocrx_word' id='word_1_218' title='bbox 412 3344 502 3428; x_wconf 89' lang='lat' dir='ltr'>quod,</span> <span class='ocrx_word' id='word_1_219' title='bbox 538 3366 609 3410; x_wconf 87' lang='lat' dir='ltr'>oum</span> <span class='ocrx_word' id='word_1_220' title='bbox 642 3347 674 3409; x_wconf 92' lang='lat' dir='ltr'>in</span> <span class='ocrx_word' id='word_1_221' title='bbox 698 3347 888 3429; x_wconf 81' lang='lat' dir='ltr'>Theognidis</span> <span class='ocrx_word' id='word_1_222' title='bbox 923 3348 1050 3411; x_wconf 84' lang='lat' dir='ltr'>ciuitate</span> <span class='ocrx_word' id='word_1_223' title='bbox 1085 3346 1208 3412; x_wconf 86' lang='lat' dir='ltr'>nobiles</span> <span class='ocrx_word' id='word_1_224' title='bbox 1239 3366 1321 3431; x_wconf 89' lang='lat' dir='ltr'>equo</span> 
     </span>
     <span class='ocr_line' id='line_1_28' title="bbox 247 3452 1323 3537; baseline 0.004 -22"><span class='ocrx_word' id='word_1_225' title='bbox 247 3452 397 3516; x_wconf 87' lang='lat' dir='ltr'>meruisse</span> <span class='ocrx_word' id='word_1_226' title='bbox 413 3470 462 3517; x_wconf 86' lang='lat' dir='ltr'>vu.</span> <span class='ocrx_word' id='word_1_227' title='bbox 476 3454 630 3520; x_wconf 76' lang='lat'>549—54</span> <span class='ocrx_word' id='word_1_228' title='bbox 645 3453 846 3535; x_wconf 79' lang='lat' dir='ltr'>patefaciant,</span> <span class='ocrx_word' id='word_1_229' title='bbox 861 3473 962 3537; x_wconf 89' lang='lat' dir='ltr'>neque</span> <span class='ocrx_word' id='word_1_230' title='bbox 978 3453 1015 3518; x_wconf 90' lang='lat' dir='ltr'>de</span> <span class='ocrx_word' id='word_1_231' title='bbox 1025 3453 1213 3518; x_wconf 88' lang='lat' dir='ltr'>Isthmiaoae</span> <span class='ocrx_word' id='word_1_232' title='bbox 1230 3456 1323 3519; x_wconf 87' lang='lat' dir='ltr'>urbis</span> 
     </span>
     <span class='ocr_line' id='line_1_29' title="bbox 248 3557 1323 3643; baseline 0.005 -24"><span class='ocrx_word' id='word_1_233' title='bbox 248 3558 389 3639; x_wconf 88' lang='lat' dir='ltr'>equitatu</span> <span class='ocrx_word' id='word_1_234' title='bbox 409 3557 573 3639; x_wconf 88' lang='lat' dir='ltr'>quicquam</span> <span class='ocrx_word' id='word_1_235' title='bbox 589 3558 760 3635; x_wconf 87' lang='lat' dir='ltr'>audiamus,</span> <span class='ocrx_word' id='word_1_236' title='bbox 784 3562 817 3623; x_wconf 90' lang='lat' dir='ltr'>et</span> <span class='ocrx_word' id='word_1_237' title='bbox 832 3557 1020 3639; x_wconf 89' lang='lat' dir='ltr'>Sicilienses,</span> <span class='ocrx_word' id='word_1_238' title='bbox 1044 3558 1205 3642; x_wconf 85' lang='lat' dir='ltr'>inprimis</span> <span class='ocrx_word' id='word_1_239' title='bbox 1223 3559 1323 3643; x_wconf 81' lang='lat' dir='ltr'>Syra·</span> 
     </span>
    </p>
   </div>
   <div class='ocr_carea' id='block_1_5' title="bbox 248 3819 1328 4245">
    <p class='ocr_par' dir='ltr' id='par_1_6' title="bbox 248 3819 1328 4068">
     <span class='ocr_line' id='line_1_30' title="bbox 340 3819 1327 3891; baseline 0 -15"><span class='ocrx_word' id='word_1_240' title='bbox 340 3822 361 3889; x_wconf 89' lang='lat'>¹)</span> <span class='ocrx_word' id='word_1_241' title='bbox 390 3821 470 3876; x_wconf 86' lang='lat' dir='ltr'>Hanc</span> <span class='ocrx_word' id='word_1_242' title='bbox 501 3821 645 3877; x_wconf 89' lang='lat' dir='ltr'>lectionem</span> <span class='ocrx_word' id='word_1_243' title='bbox 673 3823 824 3878; x_wconf 86' lang='lat' dir='ltr'>Ahrensius</span> <span class='ocrx_word' id='word_1_244' title='bbox 851 3823 1006 3891; x_wconf 87' lang='lat' dir='ltr'>proposuit,</span> <span class='ocrx_word' id='word_1_245' title='bbox 1037 3839 1098 3878; x_wconf 90' lang='lat' dir='ltr'>cum</span> <span class='ocrx_word' id='word_1_246' title='bbox 1126 3819 1227 3888; x_wconf 90' lang='lat' dir='ltr'>optimi</span> <span class='ocrx_word' id='word_1_247' title='bbox 1255 3821 1327 3876; x_wconf 91' lang='lat' dir='ltr'>libri</span> 
     </span>
     <span class='ocr_line' id='line_1_31' title="bbox 248 3908 1328 3982; baseline -0.002 -16"><span class='ocrx_word' id='word_1_248' title='bbox 248 3910 395 3967; x_wconf 75' lang='lat' dir='ltr'>exhibeant</span> <span class='ocrx_word' id='word_1_249' title='bbox 412 3909 562 3981; x_wconf 78' lang='grc' dir='ltr'><strong><em>μούναρχοι</em></strong></span> <span class='ocrx_word' id='word_1_250' title='bbox 580 3908 616 3965; x_wconf 73' lang='grc' dir='ltr'>δὲ.</span> <span class='ocrx_word' id='word_1_251' title='bbox 648 3911 712 3965; x_wconf 80' lang='lat' dir='ltr'>Alia</span> <span class='ocrx_word' id='word_1_252' title='bbox 730 3911 812 3967; x_wconf 77' lang='lat' dir='ltr'>lectio</span> <span class='ocrx_word' id='word_1_253' title='bbox 827 3917 869 3966; x_wconf 82' lang='lat' dir='ltr'>est</span> <span class='ocrx_word' id='word_1_254' title='bbox 883 3908 1083 3982; x_wconf 77' lang='grc' dir='ltr'><strong><em>αούναρχοςδὲ.</em></strong></span> <span class='ocrx_word' id='word_1_255' title='bbox 1115 3908 1210 3964; x_wconf 79' lang='lat' dir='ltr'>Sodin</span> <span class='ocrx_word' id='word_1_256' title='bbox 1223 3917 1328 3965; x_wconf 81' lang='lat' dir='ltr'>nostra</span> 
     </span>
     <span class='ocr_line' id='line_1_32' title="bbox 248 3997 1114 4068; baseline -0.005 -14"><span class='ocrx_word' id='word_1_257' title='bbox 248 3999 490 4068; x_wconf 87' lang='lat' dir='ltr'>argumentatione</span> <span class='ocrx_word' id='word_1_258' title='bbox 508 4015 562 4052; x_wconf 92' lang='lat' dir='ltr'>non</span> <span class='ocrx_word' id='word_1_259' title='bbox 580 3999 696 4052; x_wconf 89' lang='lat' dir='ltr'>multum</span> <span class='ocrx_word' id='word_1_260' title='bbox 715 3998 811 4064; x_wconf 82' lang='lat' dir='ltr'>refert,</span> <span class='ocrx_word' id='word_1_261' title='bbox 830 4006 922 4052; x_wconf 88' lang='lat' dir='ltr'>utram</span> <span class='ocrx_word' id='word_1_262' title='bbox 940 3997 1114 4066; x_wconf 86' lang='lat' dir='ltr'>praetuleris.</span> 
     </span>
    </p>

    <p class='ocr_par' dir='ltr' id='par_1_7' title="bbox 249 4085 1328 4245">
     <span class='ocr_line' id='line_1_33' title="bbox 339 4085 1328 4158; baseline -0.001 -15"><span class='ocrx_word' id='word_1_263' title='bbox 339 4087 364 4158; x_wconf 79' lang='lat'>²)</span> <span class='ocrx_word' id='word_1_264' title='bbox 387 4089 443 4143; x_wconf 89' lang='lat' dir='ltr'>Nos</span> <span class='ocrx_word' id='word_1_265' title='bbox 461 4088 636 4155; x_wconf 79' lang='lat' dir='ltr'>Theogenem</span> <span class='ocrx_word' id='word_1_266' title='bbox 655 4087 760 4142; x_wconf 87' lang='lat' dir='ltr'>Solonis</span> <span class='ocrx_word' id='word_1_267' title='bbox 778 4086 958 4154; x_wconf 88' lang='lat' dir='ltr'>posteriorem</span> <span class='ocrx_word' id='word_1_268' title='bbox 977 4086 1062 4142; x_wconf 87' lang='lat' dir='ltr'>fuisse</span> <span class='ocrx_word' id='word_1_269' title='bbox 1080 4085 1263 4155; x_wconf 86' lang='lat' dir='ltr'>suspicamur,</span> <span class='ocrx_word' id='word_1_270' title='bbox 1293 4093 1328 4142; x_wconf 89' lang='lat' dir='ltr'>ut</span> 
     </span>
     <span class='ocr_line' id='line_1_34' title="bbox 249 4175 842 4245; baseline -0.003 -14"><span class='ocrx_word' id='word_1_271' title='bbox 249 4193 332 4244; x_wconf 88' lang='lat' dir='ltr'>supra</span> <span class='ocrx_word' id='word_1_272' title='bbox 350 4178 390 4245; x_wconf 89' lang='lat' dir='ltr'>(p.</span> <span class='ocrx_word' id='word_1_273' title='bbox 408 4177 456 4245; x_wconf 80' lang='lat'>44)</span> <span class='ocrx_word' id='word_1_274' title='bbox 474 4175 592 4230; x_wconf 85' lang='lat' dir='ltr'>diximus</span> <span class='ocrx_word' id='word_1_275' title='bbox 610 4175 638 4228; x_wconf 90' lang='lat' dir='ltr'>in</span> <span class='ocrx_word' id='word_1_276' title='bbox 656 4176 842 4230; x_wconf 89' lang='lat' dir='ltr'>adnotatione.</span> 
     </span>
    </p>
   </div>
   <div class='ocr_carea' id='block_1_6' title="bbox 0 0 1487 4882">
    <p class='ocr_par' dir='ltr' id='par_1_8' title="bbox 0 0 1487 4882">
     <span class='ocr_line' id='line_1_35' title="bbox 0 0 1487 4882; baseline 0 0"><span class='ocrx_word' id='word_1_277' title='bbox 0 0 1487 4882; x_wconf 95' lang='lat' dir='ltr'> </span> 
     </span>
    </p>
   </div>
  </div>
 </body>
</html>
