2934 4882
604 1315 859 1397 Praefatio.

289 1582 487 1668 Quamquam
511 1583 646 1666 genuina
670 1580 821 1664 quaedam
837 1581 1026 1663 Theognidis
1050 1580 1188 1645 carmina
1206 1598 1265 1643 non

194 1691 312 1754 absunt
345 1689 384 1754 ab
419 1688 475 1752 illa
507 1686 690 1753 collectione
722 1685 859 1770 elegiaco
890 1688 993 1751 metro
1026 1686 1266 1770 compositorum

194 1814 343 1860 versuum
366 1812 444 1878 quae
468 1793 533 1858 eius
556 1792 690 1857 nominis
712 1791 955 1874 praescriptione
978 1791 1018 1856 ad
1041 1809 1096 1856 nos
1115 1791 1266 1873 pervenit,

195 1902 305 1964 tamen
328 1918 397 1964 eam
420 1899 466 1962 sic
490 1899 525 1962 ut
548 1917 629 1962 nnnc
652 1898 754 1963 exstat
778 1899 815 1962 ah
840 1899 907 1981 ipso
922 1900 1014 1982 poeta
1030 1896 1267 1980 haudquaquam

192 2005 370 2090 profectam
392 2023 491 2087 neque
515 2024 586 2068 oum
609 2002 754 2086 genuinis
777 2004 843 2068 eius
867 2005 1041 2068 carminum
1057 2002 1266 2068 voluminibus

193 2110 445 2177 confundendam
477 2129 544 2174 esse
578 2108 693 2174 dudum
724 2110 805 2173 inter
833 2110 973 2175 homines
1002 2109 1107 2174 doctos
1132 2111 1220 2175 const
1241 2111 1264 2174 t.

198 2216 306 2299 Neque
330 2216 362 2280 id
384 2217 508 2281 iniuria.
541 2216 635 2298 Oyrni
659 2217 741 2280 enim
765 2216 890 2280 nomine
906 2216 1050 2299 insigniti
1066 2224 1189 2292 versus
1207 2215 1268 2279 nisi

195 2322 254 2401 qui
285 2321 365 2385 forte
397 2323 518 2385 exstant
549 2321 662 2401 quihus
693 2320 800 2384 fraude
832 2318 909 2383 illud
933 2339 1043 2384 nomen
1067 2320 1191 2386 illatum
1215 2322 1267 2397 sit,

195 2424 390 2506 'Theognidis
413 2443 480 2488 esse
504 2425 541 2488 ob
566 2443 636 2488 eam
659 2443 726 2488 rem
749 2424 934 2488 credendum
954 2428 1012 2501 est,
1037 2426 1109 2508 qnia
1126 2426 1265 2490 versibus
1323 2485 1324 2488 ,

201 2532 332 2598 ill—26
355 2550 416 2594 uno
440 2531 591 2595 sermonis
615 2536 721 2595 tenore
746 2532 778 2595 et
800 2549 913 2596 nomen
930 2550 1021 2595 sunm
1036 2530 1089 2595 ille
1105 2530 1268 2613 profitetur

194 2638 232 2700 et
248 2636 381 2718 Cyrnum
404 2636 581 2719 alloquitur.
613 2636 728 2702 Contra
742 2638 914 2702 ceterorum
931 2655 1075 2702 versuum
1091 2638 1267 2720 congeriem

196 2742 235 2804 ut
251 2741 385 2805 maxime
401 2760 437 2805 ex
452 2742 541 2823 parte
557 2761 575 2805 a
588 2741 766 2823 'theognide
784 2740 1020 2807 abiudicandam
1033 2761 1099 2808 esse
1112 2762 1265 2821 censeam,

198 2847 247 2910 his
270 2847 372 2910 causis
395 2846 544 2912 adducor:

290 2952 428 3015 Primum
453 2952 576 3034 quidem
600 2973 745 3019 versuum
768 2954 894 3019 aliunde
919 2955 1172 3038 depromptarum
1188 2957 1267 3021 hanc

198 3058 311 3121 seriem
334 3056 538 3122 attendimus:

200 3163 257 3231 Vv.
306 3167 459 3232 rea—54
483 3162 587 3228 Soloni
616 3165 727 3229 tribuit
753 3164 940 3227 Aristoteles
968 3165 1082 3232 Athen.
1109 3165 1155 3228 rei
1182 3164 1267 3247 publ.

482 3270 583 3351 capite
609 3273 659 3335 12.

223 3419 239 3451 „
303 3373 456 3440 227—32
481 3372 585 3438 Soloni
609 3375 788 3439 tribuuntur
811 3376 843 3438 in
867 3374 991 3440 Stohaei
1011 3374 1119 3441 Floril.
1143 3375 1188 3438 IX
1212 3380 1264 3443 25.
1313 3448 1317 3455 ,

484 3477 532 3543 Cf.
556 3479 688 3544 Aristot.
712 3479 779 3548 Pol.
802 3481 871 3558 13,
896 3482 927 3559 9,
952 3481 1111 3546 Plutarch.
1137 3480 1173 3545 de
1197 3500 1266 3563 cup.

483 3584 570 3651 divit.
595 3590 626 3657 4.

221 3737 239 3769 ,,
302 3692 455 3760 265-66
480 3690 645 3756 Aristoteli
659 3693 694 3755 ut
707 3691 870 3757 Deliacum
887 3692 1080 3775 epigramma
1096 3692 1267 3756 afferuntur

482 3801 513 3862 in
538 3798 638 3865 llthic.
663 3798 733 3864 Nic.
758 3799 828 3875 19,
860 3800 965 3867 1099a
988 3799 1130 3867 ‘en-28.
1178 3796 1266 3876 Quod

482 3906 589 3969 tamen
611 3905 713 3970 levius
735 3904 815 3968 mihi
837 3904 1020 3987 pensitatur.

220 4056 238 4088 „
302 4011 455 4077 315-18
480 4008 585 4076 Soloni
615 4009 795 4075 tribuuntur
819 4009 988 4074 Plutarcho
1015 4010 1072 4076 vic.
1097 4009 1160 4076 Sol.
1185 4029 1210 4073 c.
1235 4011 1265 4074 3.

221 4160 239 4193 ,,
304 4115 458 4185 aee-90
481 4116 586 4182 Soloni
606 4116 783 4182 tribuuntur
805 4117 838 4180 in
862 4115 988 4181 Stobaei
1011 4115 1119 4182 Floril.
1144 4117 1189 4180 lX
1212 4118 1265 4185 25.

1069 4223 1084 4274 1
