2934 4882
151 490 167 557 §
187 491 230 546 tt.
259 489 419 544 Convivelia
438 489 560 559 vestigia
577 497 712 558 apparent
731 489 760 544 in
778 491 937 560 eclogarum
957 490 1135 546 ordinatione.
1177 494 1218 557 59

254 753 355 839 315.
392 754 633 826 Convivalia
655 755 827 838 vestigia
851 761 1051 840 apparent
1073 756 1117 822 in

424 861 654 950 eclogarum
679 862 948 930 ordinatione.
993 958 995 960 V

242 1019 442 1085 Convivalem
459 1040 551 1085 usum
567 1023 704 1086 uestram
722 1019 863 1103 syllogen
880 1019 1026 1084 habuisse
1040 1019 1112 1083 inde
1125 1019 1221 1083 etiam

153 1127 292 1191 concludi
314 1129 427 1210 potest,
452 1127 532 1210 quod
555 1129 587 1191 iu
605 1127 782 1210 eclogarum
799 1127 991 1192 ordinatione
1008 1125 1069 1189 duo
1085 1124 1221 1207 insignia

153 1251 223 1297 cum
240 1234 357 1298 Atticis
380 1233 484 1298 scoliis
509 1235 729 1310 communicat,
753 1233 886 1297 alterum
907 1230 995 1306 illud,
1019 1230 1097 1314 quod
1114 1230 1223 1312 hymni

154 1338 186 1401 iu
203 1337 276 1403 deos
293 1339 369 1404 facti
384 1337 522 1402 initiales
539 1340 672 1416 exstant,
697 1337 785 1401 cuius
800 1339 846 1400 rei
862 1338 1054 1402 convivalem
1070 1337 1223 1401 rationem

154 1463 246 1528 supra
270 1445 302 1530 (ξ
326 1445 360 1525 li)
391 1446 455 1508 iam
478 1443 659 1518 deteximus,
691 1441 823 1507 alterum
848 1444 880 1505 in
905 1461 940 1506 eo
963 1443 1111 1525 positum,
1143 1440 1222 1523 quod

152 1567 215 1614 non
237 1569 308 1614 raro
332 1568 410 1632 quae
434 1567 501 1613 sese
525 1548 651 1630 eclogae
675 1549 832 1629 excipiunt
855 1548 915 1611 sibi
938 1547 1124 1631 respondent
1148 1564 1221 1611 con·

153 1655 294 1719 cineutes
324 1655 397 1719 illae
429 1655 554 1737 quidem
578 1657 634 1719 ant
656 1657 881 1719 sententiarum
905 1658 1089 1736 argumento
1113 1651 1225 1716 autin

154 1762 377 1845 compositione
393 1762 564 1827 verborum.
597 1761 632 1824 Id
649 1762 750 1844 egisse
768 1763 891 1826 nostrae
907 1759 1042 1843 sylloges
1054 1762 1222 1834 auctorem,

154 1869 190 1931 ut
222 1868 358 1932 eiusdem
382 1869 558 1951 argumenti
582 1868 753 1933 sententias
777 1869 983 1950 componeret,
1017 1868 1049 1930 et
1072 1864 1224 1947 Bergkius

155 1974 283 2057 agnovit
306 1975 339 2037 iu
363 1979 474 2056 quarta
496 1979 567 2058 poet
601 1975 660 2059 lyr.
685 1977 819 2041 editione
834 1976 864 2038 11
887 1995 916 2058 p.
934 1976 1009 2042 235.
1041 1972 1127 2051 Quod
1152 1990 1224 2036 vero

155 2081 362 2162 responsionis
393 2101 487 2146 unum
520 2083 576 2147 hoc
607 2102 705 2166 genus
728 2082 896 2164 intellegit,
926 2081 963 2144 ut
986 2097 1064 2161 qnae
1087 2081 1170 2143 inter
1193 2095 1225 2142 se

156 2188 338 2266 responsent
371 2192 556 2269 argumenta
578 2189 815 2264 communicent,
848 2203 956 2251 vereor
979 2203 1017 2249 ue
1041 2184 1135 2247 nimis
1159 2185 1224 2247 arte

156 2292 363 2372 responsionis
392 2294 545 2359 rationem
578 2295 742 2371 definierit,
775 2294 835 2357 etsi
865 2292 961 2356 latius
991 2291 1050 2354 hoc
1073 2308 1170 2371 genus
1193 2288 1224 2351 in

156 2399 264 2462 nostra
302 2416 326 2460 s.
366 2399 472 2481 putere
508 2401 650 2467 concedo.
710 2403 825 2465 Versus
865 2399 947 2463 euim
985 2399 1159 2464 1153—54
1194 2401 1230 2485 et·

45 2589 52 2598 ⁸
158 2506 334 2573 tros—ts
365 2509 583 2591 praeterquam
614 2508 693 2591 quod
723 2509 756 2572 iu
780 2506 964 2589 argumento
988 2504 1155 2568 concinunt
1182 2539 1226 2548 —

159 2609 365 2693 obloquuntur
388 2614 495 2676 autem
516 2613 586 2689 sibi,
619 2614 650 2678 id
674 2614 752 2698 qnod
776 2614 846 2678 fieri
867 2613 971 2697 potest
995 2648 1036 2656 -
1060 2610 1093 2674 in
1118 2608 1225 2674 eadem

157 2715 253 2780 verba
283 2723 394 2780 exeunt
425 2738 454 2800 q.
484 2736 508 2784 s,
541 2715 637 2802 μηδὲν
664 2716 771 2798 ἔχοντι
799 2716 906 2782 κακόν.
958 2717 1005 2782 Ibi
1028 2717 1126 2800 igitur
1150 2714 1226 2777 haec

157 2820 256 2887 altera
278 2824 447 2907 responsio,
471 2825 508 2888 ut
532 2823 599 2906 ipsa
623 2825 717 2889 verba
741 2823 959 2889 assimulentur
982 2824 1014 2886 et
1034 2822 1225 2904 repetantur,

157 2929 281 3010 praeter
319 2948 387 2994 eam
426 2948 504 3012 quse
542 2929 637 3012 vulgo
673 2932 851 3012 agnoscitur
886 2930 967 2993 ultro
998 2928 1137 2993 adhibita
1168 2928 1225 2992 est.

159 3032 267 3116 Neque
291 3037 328 3100 ab
353 3037 468 3100 Atticis
492 3037 595 3102 scoliis
619 3056 655 3101 en
679 3036 776 3113 abest,
806 3038 833 3100 si
857 3035 981 3119 quidem
1005 3037 1081 3099 hacc
1105 3032 1227 3097 cantica

158 3139 204 3203 ibi
228 3160 261 3205 se
284 3142 450 3223 excipiunt,
475 3162 553 3224 quse
579 3144 675 3207 etiam
699 3144 731 3206 in
756 3144 856 3207 metro
881 3141 1087 3208 consentiunt.

159 3278 240 3347 Scol.
271 3282 307 3347 15
331 3280 388 3363 (17
412 3281 523 3363 Bglr.):

249 3390 313 3446 Παῑ
342 3384 526 3465 Τελαμῶνος
549 3379 632 3448 Αλαν
655 3383 805 3472 αἰχμητά,
829 3387 957 3470 λέγουσι’
980 3409 1014 3450 σε

249 3487 281 3566 ἐς
308 3490 424 3575 Τροΐαν
451 3488 581 3576 ἄριστον
603 3489 713 3555 ἐλθεῖν
737 3499 871 3556 Δαναῶν
894 3489 960 3575 μετ’
986 3488 1142 3574 Ἀχιλλέα.

159 3615 239 3681 1111.
266 3618 307 3685 rc
332 3617 390 3704 (11
414 3617 524 3700 sgnp

254 3721 315 3787 Τὸν
342 3722 513 3803 Τελαμῶνα
537 3723 675 3807 πρῶτον,
699 3721 824 3788 Αἴαντα
848 3723 883 3788 δὲ
906 3722 1048 3807 δεύτερον

251 3825 282 3905 ἐς
309 3827 425 3912 Τροΐαν
447 3827 594 3913 λέγουσιν
616 3826 726 3894 ἐλθεῖν
750 3836 885 3894 Δαναῶν
907 3825 975 3912 μετ’
994 3825 1153 3908 Ἀχιλλέα.

160 3951 241 4020 scor.
267 3955 308 4022 17
332 3953 389 4039 (rc
413 3923 526 4038 agap

251 4055 339 4122 Εἴθε
362 4056 442 4143 λύρα
465 4058 545 4147 καλὴ
567 4061 713 4144 γενοίμην
735 4055 930 4144 ἐλεφαντίνη,

250 4167 305 4227 καί
326 4187 366 4246 με
388 4164 480 4229 καλαὶ
503 4162 619 4240 παῖδες
641 4169 767 4250 φέροιεν
790 4161 955 4228 Διονύσιον
978 4159 1011 4238 ἐς
1033 4160 1139 4248 χορόν.
