2934 4882
552 450 640 531 VIII
663 454 901 530 muteronis.

273 694 368 753 Natus
399 711 465 751 sum
495 692 647 770 Johannes
674 690 839 750 Guilelmus
870 688 1044 748 Franzlscus
1073 690 1269 752 Wendorli

195 794 335 853 Calendis
349 791 531 866 Septembris
546 808 573 850 a.
588 790 672 847 LXII
687 788 798 847 saeculi
813 788 944 846 defuncti
965 789 1067 846 Sedini
1080 789 1265 850 Pomeranus

194 898 279 967 patre
310 891 449 965 Hugone,
479 894 656 956 mercatore,
687 894 782 944 matre
814 886 902 944 Clara
932 887 971 944 de
991 893 1079 961 gente
1098 887 1266 953 Lehmann.

197 990 281 1047 Fidei
310 987 446 1046 addictus
493 1004 558 1044 sum
595 985 792 1059 evangelicae.
843 984 934 1042 Urbis
956 984 1085 1058 -patriae
1120 988 1266 1060 gymnasii

194 1087 309 1145 Mariae
323 1085 478 1159 disciplina
492 1100 547 1157 per
560 1080 700 1141 undecim
717 1100 812 1140 annos
838 1075 908 1140 u'sus
927 1100 996 1140 vere
1021 1083 1092 1140 anni
1109 1083 1266 1143 LXXXIII

195 1185 370 1242 maturitatis
401 1183 570 1240 testimonio
602 1183 769 1255 instructus,
801 1188 833 1239 ut
864 1178 967 1238 stddiis
987 1172 1204 1239 mathematicis
1235 1190 1266 1241 et

195 1283 322 1358 physicis
361 1298 485 1355 operam
519 1281 632 1348 darem,
672 1279 892 1349 unIversitatem
931 1277 992 1337 adii
1011 1272 1266 1354 'Friburgensern

196 1379 395 1455 Sequentibus
427 1379 546 1436 duobus
578 1378 771 1435 semestribus
790 1376 990 1434 Berolinensis
1020 1394 1181 1452 rursusque
1202 1377 1265 1435 Fri·

197 1478 352 1552 burgensis
379 1475 585 1543 universitatis,
607 1475 799 1549 sequentibus
825 1479 952 1548 quatuor
973 1474 1172 1531 BeroIInensis
1193 1474 1264 1533 clvis

197 1576 246 1634 fui.
289 1575 405 1645 Quarto
420 1574 556 1631 semestri
577 1573 668 1630 etiam
681 1572 860 1647 philologica
881 1577 911 1628 et
926 1572 1153 1647 archaeologica
1167 1573 1266 1630 studia
1378 1630 1383 1638 ,

195 1675 348 1746 amplexus
370 1691 444 1740 sum,
477 1672 584 1746 quibus
616 1671 725 1751 deinde
746 1687 841 1743 usque
872 1670 912 1727 ad
943 1670 1101 1744 septimum
1122 1677 1266 1728 semestre

195 1776 290 1827 totum
311 1789 360 1826 me
388 1770 466 1827 dedi.
508 1770 552 1825 Ex
585 1787 644 1843 quo
677 1774 821 1842 tempore,
852 1767 981 1824 Berolini
1012 1767 1159 1837 habitans,
1191 1768 1266 1825 desii

196 1869 331 1942 longiore
352 1869 504 1925 intervallo
532 1867 754 1924 universitatem
776 1865 973 1938 frequentate,
1006 1865 1060 1922 nisi
1081 1866 1163 1939 quod
1194 1865 1264 1922 inde

195 1967 235 2020 ab
257 1973 400 2021 autumno
422 1985 448 2023 a.
463 1964 631 2021 LXXXVII
652 1981 705 2036 per
720 1964 775 2018 tria
789 1963 943 2019 semestria
962 1962 1137 2020 sanscriticis
1153 1962 1263 2018 scholis

194 2062 320 2118 interfui.
342 2063 479 2117 Privatim
511 2069 611 2117 autem
633 2061 781 2135 quaedam
813 2061 935 2118 tractavi
957 2059 1137 2133 nimiumque
1164 2059 1199 2115 iis
1220 2059 1266 2115 in·

196 2165 295 2217 tentus
317 2159 366 2234 lui,
399 2177 476 2234 quae
503 2161 542 2215 ab
565 2159 738 2216 academica
759 2160 974 2216 consuetudine
1005 2157 1166 2215 remotiora
1187 2163 1266 2215 sunt.
1290 2210 1293 2215 .

195 2258 282 2328 Quae
314 2257 541 2331 qualia-fuerint
572 2258 655 2315 titulo
687 2258 753 2314 libri
784 2275 864 2315 anno
886 2253 1081 2313 LXXXIXa
1112 2272 1161 2312 me
1191 2255 1262 2313 editi

193 2356 348 2424 indicatur,
381 2357 429 2413 cui
453 2356 602 2429 inscripsi:
634 2356 797 2429 Erklarung
828 2357 901 2411 aller
921 2353 1103 2428 Mythologie
1124 2370 1178 2409 aus
1209 2353 1263 2410 der

194 2454 350 2511 Annahme
362 2454 416 2510 der
425 2454 589 2527 Erringung
601 2454 654 2510 des
660 2454 958 2526 Sprechverrnbgen.
981 2452 1069 2509 Anno
1081 2436 1263 2510 LXXXVIII

194 2569 317 2608 uxorem
339 2553 491 2620 duxeram,
524 2570 601 2626 quae
632 2569 680 2609 res
701 2554 795 2608 altera
821 2569 912 2609 causa
933 2550 995 2619 fuit,
1026 2556 1060 2607 ut
1090 2549 1265 2608 academico

194 2650 292 2706 studio
314 2651 497 2709 desisterem.
541 2649 633 2719 Quod
647 2657 746 2706 tamen
768 2646 941 2706 inchoatum
956 2649 1123 2706 deseruisse
1143 2653 1264 2722 postero

195 2754 329 2819 tempore
349 2765 398 2802 me
424 2747 577 2819 poenituit,
610 2765 769 2821 rursusque
800 2766 868 2804 vere
889 2768 916 2806 a.
939 2746 1036 2804 XCIV
1067 2746 1262 2803 universitatis

195 2844 394 2900 Berolinensis
409 2844 479 2900 civis
494 2843 588 2900 factus
604 2862 679 2912 sum,
695 2864 713 2900 a
728 2863 787 2919 quo
803 2854 938 2918 tempore
952 2863 1006 2919 per
1034 2844 1260 2919 quatuordecim

195 2942 349 2999 semestria
370 2942 477 2998 scholis
499 2942 682 3016 philologieis
709 2944 739 2999 in
760 2943 861 3016 primis
883 2950 913 3000 et
933 2943 1112 3001 sanscriticis
1133 2941 1259 2999 interfui

194 3040 328 3097 Examen
349 3040 514 3114 rigorosum
536 3041 659 3097 sustinui
682 3041 730 3097 die
751 3041 822 3097 XIV
843 3060 882 3101 m.
904 3041 972 3117 Julii
993 3060 1020 3100 a.
1047 3041 1078 3097 lI
1098 3041 1127 3100 h.
1148 3056 1171 3096 s.

277 3139 452 3196 Docuerunt
472 3157 520 3195 me
536 3139 688 3196 clarissimi
699 3145 729 3196 et
743 3139 931 3196 eruditissimi
952 3138 1004 3195 viri
1019 3139 1145 3212 Curtius,
1168 3130 1264 3211 Diels,

195 3236 322 3309 Dilthey,
344 3236 450 3310 Fuchs,
467 3236 692 3309 Furtwaengler,
708 3234 850 3304 Geldner,
877 3235 979 3304 Graes,
994 3235 1130 3303 Hettner‚
1145 3232 1263 3291 Kekule

193 3334 233 3390 de
254 3333 430 3402 Stradonitz‚
451 3333 614 3402 Kirchhoff‚
640 3335 835 3403 Lindemann,
858 3333 978 3407 Liiroth,
1001 3333 1096 3402 Maas,
1129 3324 1263 3401 Pernic'e,

194 3431 360 3499 Puchstein‚
395 3431 523 3505 Robert,
559 3431 718 3506 Schrader,
754 3433 835 3506 Sieg,
871 3431 1099 3506 Stickelberger,
1133 3430 1262 3499 Vahlen,

195 3528 351 3603 Warburg,
374 3528 494 3603 Weber,
516 3528 639 3597 Winter,
661 3530 765 3587 Zeller.

274 3624 392 3694 Quibus
424 3627 562 3682 omnibus
599 3629 707 3701 gratias
743 3645 861 3702 semper
892 3628 1028 3696 habebo,
1060 3627 1267 3700 maximasque

194 3721 356 3790 Geldnero,
378 3720 573 3792 Kirchhotiio,
593 3725 740 3793 Vahleno,
760 3722 828 3782 viris
842 3725 953 3799 optIme
966 3725 1004 3781 de
1014 3741 1064 3780 me
1075 3723 1196 3780 meritIs.
1239 3723 1268 3779 E

195 3820 302 3894 quibus
323 3819 523 3877 Kirchhotiius
544 3821 575 3877 id
596 3821 666 3877 mihi
691 3823 832 3894 permisit,
867 3827 898 3878 ut
921 3821 1181 3879 exercitationibus
1204 3820 1268 3894 epi·

194 3917 352 3992 graphicis,
385 3936 459 3992 quas
491 3919 672 3993 instituebat,
704 3920 888 3980 interessem.
935 3919 1018 3976 Illius
1048 3924 1205 3991 praeterea
1237 3925 1269 3976 et

194 4017 321 4073 Vahleni
342 4017 550 4074 benevolentia
571 4023 713 4075 autumno
735 4038 762 4074 a.
785 4018 882 4075 XCIV
903 4018 933 4075 in
954 4017 1146 4075 seminarium
1167 4017 1267 4090 philo·

191 4116 319 4189 logicum
333 4122 470 4188 receptus
491 4133 566 4184 sum,
589 4116 672 4172 cuius
694 4134 749 4189 per
763 4117 895 4190 quinque
910 4116 1065 4173 semestria
1086 4114 1197 4172 sodalis
1212 4114 1268 4174 fui.

621 4327 832 4335 .-.——..-—-
