2934 4882
200 545 241 608 28
459 544 475 610 ξ
495 543 519 596 4.
549 541 690 597 Stasiotici
709 548 738 597 et
756 537 878 597 sodalicii
897 559 999 598 versus.

199 723 284 801 Quae
319 723 390 787 dum
425 724 556 800 intueor,
592 743 651 788 nou
687 723 782 787 mirer
817 724 922 799 etiam,
958 723 1039 805 quod
1070 726 1139 807 plus
1172 744 1270 808 quam

198 829 317 895 nobiles
347 828 543 913 proiecerant
573 829 737 913 populares
767 830 799 893 in
831 828 976 912 parandis
1006 830 1133 898 divitiis.
1182 831 1270 910 Quos

198 937 264 1001 sine
295 935 438 1020 scrupulo
466 936 628 1019 plerosque
653 935 748 1000 fuisse
772 935 958 1000 credendum
983 939 1030 1000 est
1054 939 1145 1020 atque
1169 938 1269 1003 etiam

198 1042 345 1126 agiliores
377 1044 409 1106 et
439 1043 616 1120 habiliores,
649 1043 768 1108 nobiles
793 1062 864 1108 vero
888 1043 1041 1108 tardiores
1066 1063 1163 1127 neque
1188 1043 1267 1110 adeo

199 1149 378 1214 divitiarum
410 1151 635 1216 aestimatores.
687 1150 816 1215 Nobiles
848 1150 930 1214 enim
962 1153 994 1214 et
1024 1150 1068 1214 ibi
1101 1149 1268 1233 loquentes

197 1256 393 1337 agnoscimus
426 1257 480 1322 ubi
514 1257 590 1321 illud
625 1275 717 1339 aegre
753 1255 861 1330 fertur,
898 1256 977 1339 quod
1010 1257 1091 1321 tanti
1122 1258 1267 1323 homines

197 1362 322 1433 divitius
347 1362 473 1428 faciunt.
521 1364 614 1430 Cuius
639 1363 762 1448 generis
786 1362 986 1446 Theognidea
1010 1363 1065 1429 illa
1088 1365 1162 1428 sunt
1186 1383 1266 1447 quae

196 1488 224 1533 v.
245 1471 307 1537 lue
332 1471 470 1535 exstant:

497 1574 643 1664 χρήματα
666 1576 727 1662 γὰρ
751 1577 878 1658 τιμῶσι.

197 1684 314 1763 Quibus
338 1684 416 1748 adde
440 1705 488 1752 vv.
507 1687 660 1753 sar-22
677 1706 707 1769 q.
726 1705 750 1750 s.

285 1797 352 1867 ΙΙᾶς
374 1815 424 1866 τις
447 1791 600 1856 πλούσιον
623 1789 722 1877 ἄνδρα
746 1796 816 1866 τίοι,
840 1787 924 1856 <icles
948 1791 982 1855 δὲ
1005 1790 1173 1876 ντενιχρόν·

329 1904 428 1962 πᾶσιν
451 1894 479 1961 d’
506 1892 696 1982 ἀνθρώποις
719 1892 817 1973 αὐτὸς
840 1895 940 1961 ἔνεστι
964 1896 1035 1973 νόος

195 2007 227 2068 et
250 2024 327 2089 quae
350 2006 383 2071 iu
405 2005 466 2069 fine
489 2022 635 2080 versuum
659 2005 813 2072 903-30
836 2003 995 2086 leguntur:

285 2106 313 2174 εἰ
335 2110 475 2196 μὲνγὰρ
498 2110 658 2186 πλουτεῖς,
683 2109 799 2174 πολλοὶ
822 2109 921 2195 φίλοι,
945 2105 981 2196 ἢν
1004 2108 1038 2172 δὲ
1061 2113 1188 2194 πένηαι,

291 2250 295 2257 ·
328 2221 456 2304 παῦροι,
481 2212 614 2282 seireff
637 2213 724 2298 ὁμῶς
745 2212 844 2294 αὐτὸς
867 2212 946 2302 ἀνὴρ
969 2211 1107 2300 ἀγαθός.

196 2326 298 2409 Atque
330 2345 399 2391 cum
430 2326 572 2391 irrisione
600 2325 724 2391 divitias
748 2325 829 2390 solas
853 2325 1041 2408 appetendas
1065 2343 1132 2389 esse
1157 2343 1265 2391 versus

196 2433 372 2500 [ihil-ild
395 2433 580 2516 praedicant.

144 2530 148 2538 ’
222 2530 226 2540 “
282 2540 411 2604 Nobiles
442 2539 524 2604 haud
556 2538 647 2604 dubie
671 2539 716 2603 ita
739 2538 835 2603 locuti
859 2539 940 2602 sunt.
988 2537 1092 2602 Etiam
1117 2537 1263 2615 Alcaeus,

195 2645 361 2710 Lesbiaeus
384 2644 438 2709 ille
461 2647 562 2728 polita,
587 2645 641 2727 qui
664 2643 725 2709 fuit
748 2647 855 2710 auctor
878 2644 1043 2710 seoliorum
1053 2644 1079 2728 1)
1102 2645 1133 2708 h.
1149 2664 1176 2709 e.
1193 2665 1264 2710 car·

195 2752 314 2816 minum
350 2751 566 2827 convivalium,
602 2770 659 2816 nec
694 2770 754 2816 non
787 2754 822 2816 ut
852 2751 985 2816 vidimus
1016 2752 1262 2829 stasiotieorum,

195 2857 374 2922 divitiarum
406 2859 594 2941 potestatem
624 2857 750 2940 indigne
782 2856 883 2925 ferens
914 2859 960 2922 ita
990 2858 1111 2924 loeutus
1135 2861 1184 2923 est
1208 2858 1240 2940 (f
1254 2913 1261 2926 .

192 2967 235 3033 49
249 2965 359 3048 ng.):
380 2959 430 3040 Ὦς
445 2963 505 3047 γὰρ
522 2959 635 3050 δήποτ’
649 2959 874 3049 Ἀριστόδαμόν
889 2959 981 3049 φαιο’
998 2960 1054 3027 οὐκ
1069 2959 1263 3046 ἀπάλαμνον

193 3066 225 3134 ἒν
249 3068 384 3158 Σπάρτᾳ
407 3068 501 3154 λόγον
524 3068 639 3157 εἲντην·
662 3065 799 3156 χρήματ’
823 3067 909 3157 ἄνηρ,
933 3075 1084 3157 ντένιχρος
1106 3067 1133 3133 d⁰
1157 3067 1263 3148 οὐδεὶς

195 3174 300 3242 πέλεν)
325 3176 417 3254 eclog
440 3174 515 3243 othl
539 3181 651 3260 τίμιος.

282 3285 426 3350 Ceterum
451 3286 637 3368 Spartanum
668 3285 826 3351 hominem
858 3303 978 3369 quoqne
1009 3284 1061 3368 qui
1084 3286 1164 3350 hanc
1187 3305 1262 3352 sen·

194 3394 325 3458 tentiam
350 3392 482 3457 ediderit
504 3393 548 3456 ibi
570 3393 736 3457 memorari
760 3412 819 3457 non
840 3392 949 3456 inutile
966 3391 1099 3457 fortasse
1114 3393 1163 3455 est
1179 3393 1261 3476 quod

193 3499 411 3578 consideretur,
443 3517 515 3561 eum
550 3499 673 3563 omnino
697 3497 865 3582 Spartanos
896 3499 942 3564 ita
973 3499 1105 3562 sensisse
1128 3517 1262 3564 consen·

192 3607 319 3671 taneum
350 3605 398 3668 sit.
444 3603 505 3682 Qui
536 3622 596 3666 non
621 3601 752 3668 fortuito
777 3604 882 3687 etiam,
917 3605 1032 3687 opinor,
1065 3604 1262 3675 anobilium

192 3712 334 3795 partibus
369 3710 481 3794 ubique
517 3709 642 3774 stabant
676 3711 728 3774 ubi
759 3711 941 3775 intererant.
988 3712 1095 3794 ltaque
1119 3730 1158 3775 ne
1181 3711 1263 3777 illud

192 3819 317 3903 quidem
340 3819 423 3882 casui
446 3817 621 3895 tribuerim,
646 3817 726 3899 quod
749 3818 781 3881 in
805 3817 961 3883 nonnullis
982 3820 1104 3882 nostrae
1120 3816 1263 3901 sylloges

192 3925 308 4006 eclogis
325 3924 435 4007 Sparta
458 3925 632 4006 respicitur,
656 3924 751 4006 idque
775 3926 820 3989 ita
844 3924 962 3988 duobus
982 3924 1066 4004 locis,
1092 3926 1128 3989 ut
1144 3927 1263 3992 nostris

284 4083 305 4150 ¹)
334 4082 449 4149 Respice
484 4083 550 4137 haee
585 4083 661 4137 dicta
697 4098 766 4149 quae
801 4099 835 4138 ex
866 4081 1059 4149 Aristophanis
1090 4083 1264 4137 Δαιταλεῦσι

194 4173 226 4227 ab
245 4172 387 4227 Athenaeo
406 4173 457 4227 XV
475 4188 501 4239 p.
521 4173 595 4226 cesa
614 4171 780 4228 afferuntur:

310 4252 378 4327 ᾇοον
397 4257 429 4326 δή
447 4279 496 4325 μοι
515 4256 623 4312 σκολιόν
642 4280 668 4311 τι
687 4259 783 4328 λαβὼν
801 4259 926 4313 Ἀλκαίου
945 4260 1151 4332 κάνακρέοντος.
