2934 4882
267 461 284 530 ξ
303 459 345 515 17.
374 459 512 527 Quomodo
532 458 654 513 accidere
673 459 804 528 potuerit,
824 465 856 513 ut
874 465 971 514 nostra
989 460 1095 529 sylloge
1114 466 1166 515 etc.
1213 465 1253 528 79

189 639 219 704 11
235 638 312 704 11111
328 638 472 704 daturum
489 657 557 702 esse
572 639 737 722 promittat
752 637 856 721 qualia
871 638 931 703 sibi
947 640 1010 703 sint
1028 638 1190 722 qualiaque
1206 639 1254 703 dei

188 746 248 811 sibi
264 745 405 810 dederint
420 744 470 809 vel
486 744 569 818 dent,
585 783 630 791 —
646 744 723 810 dicit
738 747 843 810 autem
860 764 887 811 v.
905 747 969 812 511
987 738 1033 807 ol’
1054 742 1165 825 ἔχομεν
1181 739 1254 823 yolo

118 835 121 840 ⁵
184 848 316 918 dodoi-or
337 853 412 914 θεοί
428 888 471 897 ——
488 851 543 914 ubi
565 850 764 915 alimentaria
780 850 859 916 dona
884 849 974 915 facile
997 850 1175 933 intellegas.
1212 853 1256 917 111

189 957 272 1022 enim
287 977 314 1022 a
338 957 403 1021 deis
427 958 605 1022 hominibus
628 958 769 1041 praeberi
792 958 824 1021 in
847 957 956 1040 primis
980 956 1041 1020 dici
1064 960 1176 1039 potest.

277 1065 345 1129 Hoc
367 1063 467 1147 igitur
489 1083 569 1128 nunc
593 1063 852 1130 demonstravisse
868 1064 957 1127 nobis
973 1062 1125 1138 videmur,
1149 1067 1255 1129 nostra

189 1168 308 1253 sylloge
340 1170 488 1253 reliquias
520 1171 672 1235 contineri
704 1169 771 1233 eius
798 1170 1001 1252 poesisquae
1024 1170 1254 1251 Megarensium

188 1275 220 1339 in
253 1276 328 1341 urbe
355 1275 426 1339 inde
450 1295 469 1339 a
492 1275 682 1357 Theognidis
706 1275 897 1357 temporibus
920 1274 1069 1339 floruerit.
1117 1274 1205 1353 Quod
1230 1276 1256 1340 si

186 1381 347 1458 statuitur,
378 1381 537 1463 praeclare
558 1380 719 1463 quomodo
742 1379 810 1461 fieri
833 1381 971 1464 potuerit
992 1378 1190 1463 intelligitur,
1221 1384 1257 1446 ut

189 1487 379 1568 Theognidis
402 1488 526 1550 nomine
549 1487 667 1568 posteri
691 1506 760 1551 eam
776 1486 1048 1569 amplecterentur.
1088 1486 1257 1552 Cohaerere

189 1598 296 1658 autem
330 1592 434 1656 omnia
469 1610 505 1656 ea
536 1611 614 1674 quae
647 1592 678 1655 iu
711 1594 817 1656 nostra
840 1592 962 1674 sylloge
985 1594 1118 1669 exstant,
1155 1595 1258 1658 itaut

189 1716 267 1781 quae
301 1699 410 1781 postea
445 1697 551 1762 addita
585 1700 658 1761 sunt
688 1700 792 1761 tamen
824 1718 861 1762 er
884 1699 1061 1781 Theognide
1093 1699 1256 1783 pendeant,

189 1805 258 1888 quis
281 1807 330 1868 est
353 1804 429 1886 quin
450 1804 575 1868 videat?
615 1803 765 1868 Flosculis
782 1804 990 1886 Theognideis
1006 1805 1125 1870 abunde
1141 1807 1257 1889 posteri

189 1909 358 1986 utuntur,¹)
382 1910 505 1973 variant
527 1911 619 1991 atque
643 1909 801 1992 refiugunt
817 1910 883 1975 eius
899 1929 1016 1985 versus,
1040 1913 1071 1975 in
1088 1915 1255 1994 angustum

191 2016 257 2080 eius
280 2016 420 2080 carmina
444 2018 569 2102 cogunt,
592 2017 735 2099 parodias
759 2017 944 2100 excogitant.
986 2017 1071 2083 Unde
1088 2037 1257 2100 cognoscas

190 2122 417 2188 inconstantem
434 2123 514 2186 hanc
529 2123 648 2205 poesim
666 2123 763 2186 fuisse
780 2125 904 2206 atquae
921 2127 1096 2206 temporum
1112 2144 1256 2207 processu

190 2228 344 2293 convivali
377 2231 447 2293 usui
482 2229 610 2293 subacta
645 2248 664 2292 1
699 2229 879 2310 Theognide
914 2228 1115 2292 descenderit.
1163 2229 1257 2294 Cuius

190 2334 290 2418 poesis
323 2335 469 2418 reliquias
505 2336 534 2399 in
568 2337 674 2399 nostra
707 2333 826 2416 sylloge
858 2335 1071 2417 agnoscimus,
1106 2353 1198 2417 quam
1230 2336 1256 2399 si

190 2442 341 2506 attentius
374 2442 628 2524 perlustraveris,
664 2440 803 2505 continui
838 2442 905 2504 eius
939 2457 1099 2523 processus
1122 2441 1256 2522 vestigia

191 2546 323 2612 dilucide
355 2549 445 2613 hodie
474 2549 569 2613 etiam
593 2547 652 2612 tibi
675 2549 854 2630 appareant.
902 2547 998 2610 Velut
1019 2547 1051 2609 iu
1076 2547 1257 2629 quibusdam

191 2653 308 2736 eclogia
331 2674 386 2737 pro
410 2656 636 2738 antiquioribus
653 2655 746 2719 dictis
760 2655 804 2718 ibi
821 2655 873 2719 ubi
889 2655 1071 2737 repetuntur
1087 2654 1257 2719 recentiora

190 2762 222 2824 ct
253 2761 418 2825 usitatiora
449 2762 598 2827 subst'tui
628 2765 722 2837 recte,
753 2765 789 2826 ut
819 2764 936 2844 opinor,
970 2761 1203 2826 Heiuemannus
1227 2761 1257 2825 in

190 2866 326 2931 Hermae
350 2867 469 2934 11134
492 2888 520 2951 p.
540 2871 602 2938 591
629 2869 814 2936 observavit.
860 2870 969 2952 Neque
994 2869 1076 2933 enim
1101 2869 1258 2935 110101

190 2967 255 3056 ἥβα
276 2996 332 3054 μοι
356 2994 392 3038 ex
416 2977 625 3058 superioribus
649 2996 698 3043 vv,
715 2979 869 3044 err-78
884 2977 1047 3051 retinetur,
1071 2973 1125 3039 sed
1141 2971 1257 3058 τέρπεό

189 3100 244 3158 μοι
260 3079 304 3142 ibi
320 3081 470 3163 scripturn
487 3083 673 3156 invenimus,
697 3100 796 3162 neque
812 3075 987 3164 ἀμφαδίην,
1006 3099 1082 3162 quae
1099 3098 1156 3143 vox
1171 3098 1199 3146 v.
1214 3083 1256 3148 90

191 3184 301 3261 exstat,
318 3184 461 3259 iteratur,
486 3186 539 3249 sed
556 3185 639 3248 subit
656 3186 684 3248 11
701 3205 728 3251 1.
744 3185 857 3252 108211
873 3180 1040 3268 ἐμφανέως
1055 3187 1087 3249 in
1101 3184 1255 3266 repetitis.

190 3287 259 3349 Hoc
292 3287 391 3369 igitur
424 3292 508 3352 recte
542 3288 596 3352 ille
631 3290 678 3353 vir
714 3289 821 3354 doctus
851 3291 931 3354 mihi
953 3290 1075 3355 videtur
1099 3291 1255 3363 statuisse,

190 3412 289 3477 neque
322 3397 426 3458 tamen
459 3412 534 3477 opus
566 3396 641 3472 erat,
674 3399 710 3460 ut
733 3394 810 3460 duas
834 3396 1027 3461 recensiones
1050 3395 1129 3459 unde
1153 3397 1257 3460 nostra

190 3501 309 3584 sylloge
342 3499 557 3581 conglutinata
589 3501 632 3565 sit
664 3502 724 3565 sibi
755 3504 917 3566 statueret.
965 3501 1023 3566 Cui
1054 3502 1189 3584 opinioni
1220 3519 1256 3564 ex

191 3645 400 3654 ----.—--—-

282 3712 304 3780 ¹)
325 3710 409 3764 Velut
427 3725 487 3762 oum
506 3708 624 3777 legimus
642 3709 825 3764 11189-90
843 3709 871 3762 in
891 3707 983 3778 elegia
995 3709 1030 3763 ad
1043 3711 1162 3777 Cyrnum
1174 3710 1254 3764 data:

351 3803 395 3850 καὶ
413 3799 441 3849 ἐκ
460 3800 543 3848 κακοῦ
561 3797 662 3852 ἐσθλὸς
680 3798 786 3867 ἔγημεν,
803 3799 807 3866 1
824 3801 867 3847 καὶ
888 3796 969 3850 κακὸς
987 3797 1015 3857 ἐξ
1034 3794 1143 3864 ἀγαθοῦ

191 3895 218 3944 11
237 3905 317 3944 ursus
337 3906 379 3942 vr.
400 3888 534 3943 eal-62:
1135 3921 1138 3926 -

352 3982 396 4028 καὶ
413 3978 441 4028 ἐκ
460 3973 667 4052 suscitasti-61¹
685 3976 778 4043 ἔγεντο
803 3977 807 4043 1
833 3977 876 4024 καὶ
895 3974 981 4024 κακὸν
999 3973 1026 4034 ἐξ
1044 3971 1163 4040 ἀγαθοῦ,

191 4068 377 4136 Theognidem
394 4083 444 4121 sua
457 4067 529 4120 huuc
541 4065 570 4120 in
583 4066 691 4120 modum
703 4063 861 4125 variavisse,
881 4078 950 4128 quac
963 4061 1113 4116 luditicatio
1126 4068 1256 4128 tanquam

192 4155 297 4223 fuisset,
310 4155 469 4210 incredibile
482 4155 521 4222 fit,
534 4169 648 4222 eumque
661 4171 713 4209 uon
722 4151 775 4208 nisi
786 4152 873 4208 111111
883 4151 941 4204 1111
950 4151 1105 4216 loquentem
1115 4165 1255 4218 agnoscas.
