2934 4882
192 463 211 524 2
652 455 802 511 Praelatio.

188 622 247 701 'Vn
296 637 449 704 719-28
472 654 569 718 usquc
582 635 620 700 ad
630 656 657 701 v.
667 637 731 703 724
740 637 775 700 ut
784 634 905 701 Solonis
914 635 1083 700 afferuntur
1093 636 1268 702 Plutarcho

475 741 530 808 vit.
556 739 617 809 Sol.
643 760 669 808 c.
695 742 725 809 ἱ).

218 896 233 926 „
296 848 450 916 reo-96
474 845 661 909 Mimnermo
679 843 856 908 tribuuntur
872 845 903 908 in
916 845 1043 910 Anthol.
1062 847 1129 913 Pal.
1147 847 1192 911 IX
1208 850 1264 917 60.

218 1002 233 1032 ‚‚
298 952 662 1035 935—38exuy1raei
693 951 792 1015 tribus
823 950 962 1015 distichis
994 955 1148 1019 contracti
1177 957 1266 1032 sunt,

477 1077 553 1141 quae
578 1060 701 1122 exstant
723 1059 755 1122 in
780 1056 918 1139 elegiaco
943 1058 1078 1122 carmine
1095 1078 1112 1123 a
1130 1058 1268 1125 Stobaeo

479 1163 584 1230 Floril.
604 1165 643 1227 Ll
669 1168 685 1231 1
712 1165 744 1228 et
765 1165 932 1231 osci-vato.
965 1161 1129 1245 Leguntur
1152 1163 1267 1240 1111),

478 1273 608 1339 37—42
633 1290 681 1353 ap.
706 1269 818 1352 Bergk.

219 1429 234 1458 „
278 1379 450 1447 1003—06
475 1397 512 1442 en
535 1377 643 1442 eodem
667 1375 796 1460 Tyrtaei
820 1375 956 1440 carmine
980 1374 1154 1458 deprompti
1177 1378 1266 1440 sunt.

479 1485 638 1564 Leguntur
662 1481 700 1551 fr.
726 1483 778 1557 19,
805 1482 934 1549 13--16
958 1500 1006 1563 ap.
1033 1482 1209 1563 Bergidum.

221 1640 235 1671 „
281 1593 451 1659 1253-54
476 1588 599 1654 Solonis
624 1607 691 1653 esse
709 1587 799 1652 docet
814 1588 961 1653 Hermias
976 1589 1008 1652 iu
1026 1587 1154 1651 Phaedr.
1172 1609 1201 1670 p.
1221 1590 1267 1654 78

480 1694 527 1761 ed.
552 1696 620 1763 Ast.

285 1801 371 1867 Unde
401 1801 491 1884 plura
522 1801 618 1864 otiam
651 1820 728 1883 quae
759 1799 981 1882 aTheognide
1012 1799 1114 1865 aliena
1145 1800 1264 1863 sintin
1363 1818 1366 1825 ·

196 1909 301 1972 nostra
324 1907 444 1989 sylloge
466 1906 567 1971 latere
592 1906 684 1971 facile
708 1906 822 1990 aliquis
847 1907 905 1971 sibi
929 1898 1124 1988 persuadeat.
1155 1905 1267 1988 Neque

197 2012 309 2077 desunt
331 2011 446 2076 iudicia
470 2012 582 2094 quibus
606 2012 636 2075 id
659 2012 705 2077 ita
728 1996 795 2077 esse
819 2014 979 2095 praeterea
999 2012 1139 2093 intellegi
1154 2011 1264 2095 possit.

197 2119 301 2183 Aliam
337 2118 418 2182 enim
454 2118 547 2200 atque
579 2118 736 2200 Theognis
770 2119 905 2201 patriam
936 2117 995 2194 ille
1020 2119 1181 2200 profitetur
1213 2119 1267 2200 qui

197 2245 225 2291 v.
251 2227 336 2294 1909
361 2225 437 2289 dicit
460 2221 577 2286 Αἴθων
598 2223 655 2303 μὲν
677 2229 766 2307 γένος
789 2221 861 2304 εἰμί.

286 2330 460 2396 Nonnullae
492 2330 600 2395 deinde
624 2331 750 2414 eclogae
774 2351 845 2395 curn
869 2330 1076 2413 Theognideis
1100 2328 1269 2391 sententiis

197 2436 415 2514 contradicant,
442 2437 479 2500 ab
498 2454 533 2499 eo
549 2435 706 2517 proiectae
723 2454 789 2498 esse
805 2453 869 2498 non¹
881 2436 1020 2516 possunt.
1053 2433 1158 2511 Velut,
1184 2434 1266 2517 quod

197 2543 336 2607 versibus
363 2543 538 2610 mro—80
562 2542 681 2624 Cyrnus
709 2541 903 2616 admonetur,
933 2542 968 2604 ut
995 2539 1067 2604 deos
1090 2542 1269 2617 veneretur,

197 2647 348 2728 religione
382 2647 465 2709 enim
497 2665 535 2708 ne
566 2644 642 2726 quid
672 2646 768 2726 impie
800 2645 916 2709 iaciant
939 2645 1078 2710 homines
1102 2645 1267 2727 obstringi,

100 2754 104 2759 “
198 2771 269 2816 oum
304 2752 343 2815 iis
374 2750 455 2815 male
487 2753 661 2833 congruunt
692 2771 796 2816 versus
831 2754 994 2828 373-80,
1030 2753 1079 2834 qui
1113 2771 1131 2816 1
1164 2752 1272 2816 verbis

199 2861 259 2918 Ζεῦ
282 2855 365 2940 φίλε,
383 2851 544 2933 θαυμάζω
561 2876 596 2918 σε
611 2856 773 2939 incipiunt.
810 2858 849 2921 ut
866 2876 973 2921 versus
990 2859 1143 2926 rra-52
1160 2858 1267 2922 Iouem

197 2964 346 3045 tanquam
368 2962 563 3045 increpitant,
588 2963 640 3045 qui
664 2964 708 3028 ita
731 2965 899 3046 incipiunt:

288 3068 350 3130 Καὶ
374 3062 471 3144 ταῦτ’,
496 3061 671 3131 ἀθανάτων
692 3069 835 3151 βασιλεῦ,
860 3075 930 3145 πῶς
953 3065 1020 3132 ἐστὶ
1043 3069 1173 3141 δίκαιον,

332 3170 431 3257 ἔργων
454 3172 541 3250 ὅστις
564 3169 641 3262 α’νὴρ
664 3171 754 3251 ἐκτὸς
777 3172 837 3238 ἐὼν
861 3170 987 3249 ἀδίκων,

287 3277 331 3364 μή
357 3274 415 3342 τιν’
439 3272 636 3366 ὑπερβασίην
659 3286 800 3362 κατέχων
822 3276 895 3367 μηδ’
920 3277 1012 3366 ὅρκον
1034 3277 1173 3365 ἄλιτρὸν,

333 3379 415 3447 ἀλλὰ
439 3385 561 3461 δίκαιος
583 3385 642 3448 ἐών
665 3388 707 3472 μὴ
734 3388 774 3451 τὰ
798 3387 907 3451 δίκαια
931 3386 1046 3472 πάθω

292 3494 341 3566 τίς
365 3489 403 3575 δή
425 3513 477 3554 κεν
499 3492 612 3575 βροτὸς
635 3490 739 3569 ἄλλος,
765 3492 844 3578 ὁρῶν
867 3494 950 3578 πρὸς
973 3499 1095 3567 τοῦτον,
1119 3490 1234 3553 ἔπειτα

334 3590 434 3669 ἅζοιτ’
458 3592 652 3674 ἀθανάτους,
677 3600 731 3661 καὶ
754 3603 826 3662 τίνα
850 3599 959 3680 θυμὸν
981 3599 1078 3680 {grum

200 3705 319 3767 Rursus
343 3702 450 3768 deinde
474 3722 582 3769 versus
605 3709 758 3774 ost—88
781 3709 858 3772 haec
880 3707 1110 3790 praescribunt:

293 3804 355 3871 Oria
378 3807 446 3872 ἔστι
469 3814 618 3896 θνητοῖσι
641 3809 722 3895 πρὸς
745 3806 932 3887 ἀθανάτους
954 3813 1165 3892 μαχέσασθαι

336 3910 408 3979 οὐδὲ
432 3914 518 4002 δίκην
541 3915 668 3981 εἰπεῖν·
694 3913 795 3982 οὐδενὶ
819 3924 914 3981 τοῦτο
938 3921 1047 3999 θέμις.

201 4022 285 4086 Num
317 4023 394 4086 haec
424 4024 462 4087 ab
494 4023 600 4087 eodem
634 4027 725 4107 poeta
748 4025 830 4088 edita
855 4027 926 4088 sunt
948 4028 1041 4106 atque
1065 4022 1145 4086 iila?
1182 4021 1278 4085 Alias

201 4129 371 4194 sententias
396 4129 606 4194 dissentaneas
622 4131 654 4193 in
672 4131 717 4194 eis
732 4130 866 4195 inveniri
883 4150 902 4194 a
918 4131 1029 4214 quibus
1047 4128 1141 4211 Cyrni
1158 4146 1275 4192 nomen
