2934 4882
406 486 421 551 ξ
444 486 484 539 ld.
512 484 579 538 Onm
598 484 752 540 variatione
772 485 868 540 iterati
887 501 989 541 versus.
1190 492 1230 555 57

326 660 464 725 πολλάκι
487 662 549 747 5515
572 661 698 748 γνώμην
722 659 904 742 ἕξανῑατῶσ)
922 660 1019 728 ἰδέαι·

325 766 354 832 εἰ
375 768 419 855 μὴ
442 765 521 854 ἐμὴν
543 767 668 856 γνώμην
691 767 878 849 ἐξαπατῶσι
903 773 992 834 θεοί·

166 876 268 958 Atque
291 895 320 940 5.
338 880 402 945 554
426 875 516 959 51555
540 876 637 941 etiam
659 877 803 960 congruit
819 896 889 941 oum
906 897 935 943 5.
953 879 1028 953 5411,
1051 877 1103 958 qui
1120 877 1235 959 etipse

167 982 260 1066 Cyrni
290 983 413 1048 nomine
437 981 544 1048 notato
568 980 600 1043 in
624 980 755 1045 disticho
780 981 924 1048 occurrit.
971 981 1059 1046 Nihil
1083 981 1182 1065 igitur
1206 985 1235 1048 51

166 1088 212 1151 rei
237 1088 410 1165 tribuerim,
436 1086 513 1172 quod
538 1086 688 1168 quaedam
709 1087 824 1152 iterum
841 1086 988 1170 leguntur
1008 1088 1088 1171 apud
1105 1083 1235 1154 eundem

167 1197 301 1276 poetam.
335 1194 422 1272 Quod
446 1194 554 1258 deinde
573 1193 735 1258 Schaferus
759 1195 957 1278 opprobrium
980 1195 1012 1258 in
1038 1214 1072 1259 eo
1088 1195 1234 1277 positum,

168 1300 248 1383 quod
273 1300 346 1365 boni
369 1297 521 1364 malornm
537 1299 617 1363 lilios
634 1318 743 1364 uxores
760 1299 883 1375 ducant,
906 1319 924 1363 5
940 1304 1045 1365 nostro
1062 1299 1128 1364 looo
1145 1300 1236 1383 plane

168 1405 303 1471 alienum
324 1424 391 1471 esse
408 1405 493 1481 dicit,
518 1405 714 1488 opprobrium
732 1403 852 1469 nullum
869 1404 1029 1489 intellego,
1054 1406 1236 1470 crediderim

167 1530 239 1577 vero
273 1530 334 1575 non
365 1511 471 1593 inepte
504 1510 560 1574 lros
591 1509 666 1574 duos
697 1508 864 1574 versiculos
896 1512 1007 1575 subiici
1031 1513 1237 1594 superioribus

169 1616 259 1681 dictis
283 1637 310 1699 q.
337 1636 362 1680 5.

427 1707 476 1778 τίς
499 1726 550 1766 κεν
572 1697 663 1766 ταῦτ’
686 1697 824 1782 ἀνέχοιτ’
848 1700 981 1787 donarem·

170 1812 318 1890 Quamvis
349 1811 432 1874 enim
464 1829 570 1874 vocem
604 1814 706 1872 ταῦτα
729 1811 768 1874 55
792 1829 828 1874 55
851 1811 1022 1874 referamus
1048 1831 1172 1877 necesse
1196 1814 1238 1876 sit

170 1936 248 2000 qnae
282 1918 443 1980 enuntiata
475 1919 557 1991 sunt,
589 1935 682 1997 quarn
713 1916 899 1979 sententiam
930 1917 963 1979 in
991 1915 1054 1979 illis
1077 1917 1237 1999 expressit,

170 2043 324 2089 resumere
358 2027 465 2088 tamen
499 2023 601 2104 potuit
634 2023 726 2104 poeta
762 2025 794 2085 et
827 2025 993 2098 retentare,
1026 2023 1109 2086 sient
1142 2043 1170 2087 5.
1196 2025 1237 2092 95

172 2131 264 2194 rerba
289 2127 443 2204 ‘noredano
466 2151 516 2192 ror
532 2125 657 2213 ἑταῖρος
672 2123 763 2214 ἀνήρ’
781 2148 841 2193 555
858 2127 959 2193 solum
976 2127 1014 2192 ad
1031 2147 1068 2192 ea
1083 2129 1240 2210 pertinent

171 2252 249 2316 quae
274 2236 436 2298 enuntiata
460 2238 532 2299 sunt
554 2234 607 2300 sed
623 2235 755 2318 proximi
771 2234 916 2300 versiculi
933 2235 1092 2299 enuntiato
1109 2234 1239 2300 relativo

171 2359 279 2404 rursus
314 2338 555 2405 illustrationem
585 2343 749 2425 accipiunt.
804 2339 939 2406 Causam
972 2340 1080 2405 deinde
1112 2342 1139 2404 si
1169 2361 1240 2424 per-

172 2447 318 2530 spexeris,
343 2467 402 2529 555
426 2466 459 2510 55
482 2447 514 2511 15
537 2447 686 2512 accidisse
709 2446 894 2511 credendum
918 2448 971 2524 sit,
997 2447 1076 2530 quod
1096 2447 1168 2512 boui
1184 2467 1239 2530 pro

172 2553 333 2635 improbis,
358 2554 491 2637 improbi
514 2572 568 2636 pro
584 2552 674 2617 bonis
691 2552 817 2638 fuerint,
841 2571 900 2617 non
916 2553 1079 2616 miraberis
1096 2552 1239 2635 amplius,

173 2660 251 2742 quod
273 2663 382 2744 poetae
403 2659 527 2724 additur
551 2661 608 2724 hoe
631 2658 697 2724 1555
712 2656 875 2745 properatae
898 2653 926 2721 d'
943 2655 976 2720 ἐν,
999 2663 1096 2721 aaron
1120 2655 1240 2733 ἐσθλὸς

173 2760 262 2850 ἀνήρ.
318 2768 394 2830 llam
427 2768 509 2830 enirn
542 2766 608 2830 eius
640 2766 686 2830 rei
719 2785 844 2830 eausam
877 2764 971 2829 fuisse
1003 2769 1240 2830 consentaneum

175 2878 232 2950 est,
266 2877 311 2950 ut,
340 2894 410 2938 eum
434 2873 551 2938 nobiles
574 2874 756 2957 paupertate
780 2872 923 2955 impediti
948 2876 1060 2948 essent,
1094 2871 1131 2935 55
1154 2870 1243 2954 plebe

174 2979 270 3062 aliqui
299 2980 440 3045 homines
471 2980 650 3043 divitiarum
681 2980 835 3061 potestate
866 2978 899 3041 in
923 2995 956 3039 re
979 2976 1102 3058 publiea
1125 2975 1241 3057 aliquid

175 3083 277 3148 valere
308 3085 475 3166 coeperint,
509 3084 589 3149 unde
620 3083 651 3146 id
683 3084 778 3146 etiam
805 3082 956 3146 nobilium
980 3082 1079 3145 ordini
1102 3083 1240 3146 evenisse
1290 3065 1294 3071 ’

176 3189 383 3272 Theognideis
398 3189 537 3255 versibus
552 3190 704 3256 ost-92
716 3187 889 3264 edocemur,
907 3189 943 3250 ut
958 3187 991 3249 in
1009 3186 1242 3250 matrimonium

176 3293 240 3359 11115
264 3297 397 3380 acceptis
421 3297 634 3380 degeneraret.
682 3293 741 3358 Sed
767 3294 843 3357 haee
867 3292 1035 3357 hactenus!
1073 3291 1243 3359 Statuerim

176 3403 275 3482 igitur
298 3403 489 3487 Theognidis
517 3400 650 3482 elegiam
673 3398 745 3464 inde
768 3419 786 3463 a
810 3420 838 3466 5.
865 3401 950 3466 1159
975 3398 1008 3462 15
1031 3399 1132 3481 priore
1155 3402 1243 3482 parte

177 3507 267 3572 valde
290 3511 477 3590 truncatam,
502 3508 532 3570 in
550 3506 720 3588 posteriore
736 3506 936 3587 integriorem
953 3504 1027 3588 legi.
1059 3505 1146 3583 Quae
1162 3505 1243 3571 ratio

177 3611 347 3696 simplicior·
378 3615 456 3679 milri
486 3614 618 3689 videtur,
652 3632 745 3694 quam
777 3616 813 3677 ut
843 3612 925 3676 huno
958 3614 990 3676 in
1022 3612 1148 3677 modum
1172 3631 1244 3677 con-

176 3718 290 3784 5155115
320 3721 459 3785 carmina
489 3719 639 3803 ampliata
670 3738 737 3782 5555
767 3737 916 3783 censeam.
971 3718 1175 3801 Quamquam,
1207 3737 1244 3782 ne

178 3824 306 3890 oonsilio
331 3825 447 3909 aliquid
472 3827 576 3891 videar
592 3826 764 3901 reticuisse,
788 3824 900 3908 pusilla
917 3843 987 3888 cum
1004 3823 1244 3905 amplificatione

177 3935 461 4000 555555801-01
485 3952 513 4016 q.
539 3952 563 4000 s.

271 4051 381 4133 oddag
404 4052 590 4141 ἀνθρώπων
613 4051 679 4119 οὔτ’
703 4053 830 4118 ἔσσεται
853 4052 925 4118 οὔτε
948 4059 1099 4137 πέφυκεν,
1184 4114 1188 4121 4

313 4157 402 4239 ὅστις
424 4168 524 4225 πᾶσιν
546 4153 632 4225 dtrbe
656 4158 784 4224 5555555
806 4157 852 4236 εἰς
874 4155 1002 4223 Ἀΐδεω·
