2934 4882
267 468 283 534 ξ
305 467 345 520 17.
374 465 511 533 Quomodo
531 463 654 519 accidere
672 465 805 533 potuerit,
825 470 858 520 ut
875 471 971 520 nostra
989 465 1095 535 sylloge
1114 472 1166 521 eto.
1213 456 1253 533 77

186 645 294 727 Neque
316 645 480 728 quicquam
508 645 623 719 obstat,
647 643 812 726 quominus
835 662 916 718 eum,
949 661 1020 706 cnm
1043 645 1158 709 Thebis
1182 664 1255 709 cou-

186 750 327 828 sedisset
345 752 475 833 Megara
490 748 653 832 aliquando
669 748 741 813 inde
758 768 791 813 se
807 748 976 814 contulisse
989 749 1093 832 ibique
1106 751 1254 816 nobilium

186 857 335 922 conviviis
373 855 552 921 interfuisse
588 857 772 921 statuamus.
832 854 996 937 Reliquum
1036 858 1093 932 est,
1133 858 1169 921 nt
1203 876 1253 924 vv.

186 966 340 1033 879—84
356 964 567 1047 inspiciamus,
592 982 664 1026 uum
686 963 759 1046 quid
776 960 847 1026 inde
862 961 1011 1044 colligere
1027 962 1149 1039 debeas,
1173 963 1253 1045 quod

188 1069 226 1134 ad
258 1072 396 1136 nostram
426 1071 580 1135 rationem
598 1071 701 1133 minus
725 1075 797 1150 apte
821 1085 853 1132 se
876 1066 1019 1151 applicet.
1068 1067 1129 1147 Qui
1152 1088 1255 1134 versus

186 1194 258 1240 cum
280 1178 326 1241 ita
350 1195 382 1241 se
406 1176 555 1240 habeant:

275 1276 354 1344 Illo'
378 1274 471 1354 οἶνον,
495 1279 551 1344 τὸν
574 1277 645 1360 ἐμοὶ
667 1285 807 1362 κορυφῇς
829 1274 893 1341 ὕπο
921 1279 1090 1363 Τηϋγέτοιο

323 1385 465 1468 ἄμπελοι
487 1383 629 1473 ἤνεγκαν,
653 1385 712 1461 τὰς
735 1380 889 1470 ἑφύτεοσ’
916 1380 933 1448 ὁ
957 1389 1056 1468 γέρων

276 1490 385 1577 οὔρεος
408 1489 440 1556 ἐν
459 1490 593 1578 βήσσῃσι
616 1493 727 1555 θεοῖσι
750 1491 843 1575 φίλος
868 1489 1019 1571 θεότιμος

320 1594 354 1662 ἐκ
377 1598 681 1674 Πλασανιστοῦνσος,
706 1597 832 1682 ψυχρὸν
855 1593 939 1682 ὕδωρ
962 1593 1101 1679 ἐπάγων.

275 1711 332 1769 τοῦ
355 1708 458 1768 πίνων
481 1699 548 1767 ἀπὸ
571 1703 628 1784 μὲν
651 1703 797 1784 χαλεπὰς
820 1702 986 1778 σκεδάσεις
1008 1702 1193 1784 μελεδώνας,

320 1811 512 1897 θωρηχθεὶς
535 1806 562 1873 δ’
586 1809 672 1875 ἔσεαι
696 1809 818 1875 πολλὸν
840 1807 1061 1895 ἐλαφρότερος,

185 1919 223 1983 de
240 1918 391 2003 Spartano
407 1920 498 2002 poeta
514 1919 568 2001 qni
584 1937 635 1983 eos
653 1918 777 1982 finxerit
794 1918 877 1983 docti
893 1919 1045 2001 cogitant,
1070 1922 1254 2002 praesertim

185 2045 255 2090 curn
273 2025 433 2108 epitheton
449 2044 478 2107 q.
493 2042 519 2088 e.
556 2028 674 2087 *θεοῖσι
691 2023 794 2108 φίλος
810 2026 971 2108 praeterea
986 2026 1066 2108 apud
1083 2027 1253 2109 Tyrtaeum

185 2132 370 2207 inveniatur,
399 2132 450 2195 cni
473 2130 586 2213 fragm.
604 2134 670 2206 n‚1
698 2131 808 2215 (ng.)
833 2130 1055 2214 Spartanorum
1079 2151 1132 2196 rex
1156 2134 1254 2198 Theo-

184 2256 315 2320 pompus
343 2239 389 2302 ita
412 2236 596 2320 appellatur.
644 2236 799 2319 Bergkius
822 2237 922 2319 igitur
945 2237 1022 2300 haec
1045 2236 1186 2305 adnotat:
1216 2241 1254 2304 ‘si

185 2344 375 2427 Theognidis
407 2347 490 2420 sunt,
522 2344 677 2426 hospitem
706 2341 842 2424 aliquem
865 2342 1053 2425 Spartanum
1076 2343 1252 2427 loquentem

183 2447 315 2526 inducit,
348 2450 402 2515 sed
433 2450 566 2515 sortasse
597 2469 633 2514 ex
657 2449 785 2532 Tyrtaei
817 2448 927 2531 elegiis
960 2449 1141 2532 deprompta
1169 2455 1252 2533 sunt,
1329 2452 1332 2457 ’

185 2562 374 2637 quamquam
413 2556 510 2620 etiam
548 2553 585 2619 de
620 2555 817 2639 Polymnestc
855 2555 927 2619 aliis
965 2555 1097 2637 cogitari
1134 2560 1252 2639 poteet3

184 2657 333 2743 Hartung
357 2659 478 2724 Chiloni
510 2661 667 2729 vindicat'
715 2662 795 2726 Mihi
825 2661 870 2726 ibi
900 2680 1022 2745 quoque
1053 2681 1146 2744 qnam
1168 2667 1253 2728 recte

184 2765 237 2845 qui
268 2784 329 2830 non
353 2766 546 2849 Megalensis
569 2768 665 2834 fuerit
686 2771 780 2852 poeta
803 2772 990 2851 agnoscatur
1012 2768 1102 2833 valde
1125 2769 1252 2836 dubium

184 2868 229 2936 fit.
275 2871 356 2937 Illud
380 2873 463 2937 enirn
486 2875 565 2958 quod
589 2875 706 2959 aliquid
730 2877 762 2940 in
786 2877 835 2940 his
858 2896 906 2942 vv.
931 2895 1001 2941 cum
1018 2877 1147 2959 Tyrtaei
1167 2897 1252 2944 more

184 2974 328 3059 loquendi
362 2981 489 3061 egregie
520 2983 664 3046 convenit
694 2983 771 3046 mihi
803 2984 906 3066 potius
936 2983 981 3046 ita
1005 2982 1184 3065 explicatur,
1217 2989 1253 3049 ut

183 3082 268 3148 illins
285 3087 367 3151 dicta
383 3090 491 3150 θεοῖσι
507 3090 593 3171 φίλῳ
608 3087 792 3172 θεσπόμσφ
808 3093 907 3156 nostri
921 3095 1031 3176 poetae
1043 3093 1147 3156 aoi1n0
1159 3091 1251 3156 infixa

183 3189 321 3251 haesisse
346 3192 493 3268 statuam,
527 3213 656 3274 quornm
680 3195 718 3259 ad
743 3197 898 3280 exemplar·
922 3218 978 3263 sua
1001 3199 1251 3266 conformaverit.

184 3293 313 3375 Tyrtaei
348 3296 431 3358 enirn
466 3300 564 3379 poesis
599 3300 736 3382 aliquam
771 3304 928 3368 notionem
966 3308 1089 3370 nostros
1127 3310 1251 3388 potores

183 3397 329 3464 habuisse
345 3401 546 3467 manifestum
563 3407 620 3474 est.
646 3426 717 3470 cum
732 3406 811 3472 ahos
826 3428 946 3493 quoque
963 3411 1106 3476 flosculos
1121 3414 1250 3477 metrice

183 3509 426 3588 compositorum
457 3510 621 3576 verborum
651 3513 723 3578 inde
756 3516 952 3595 sumpserint.
1000 3516 1094 3580 Velut
1125 3519 1250 3602 Tyrtaei

183 3611 267 3677 dicta
291 3608 410 3693 αὐχένα
434 3614 528 3694 λοξὸν
550 3613 615 3695 ἔχει
639 3618 799 3699 (fr.11.2
824 3620 918 3703 Bglr.)
943 3641 970 3685 v.
989 3624 1052 3691 536
1076 3626 1200 3689 nostrae
1225 3644 1249 3690 s.

182 3721 377 3801 usurpantur.
423 3722 532 3805 Itaque
559 3724 640 3788 nihil
663 3743 698 3789 ex
721 3726 783 3789 ista
805 3728 1018 3807 congruentia,
1052 3729 1079 3792 si
1103 3731 1249 3813 sapimus,

183 3823 363 3891 efficiemus.
411 3827 527 3893 Vereor
550 3833 664 3909 autern,
696 3832 723 3895 si
752 3832 813 3915 ipsi
844 3851 950 3896 versus
973 3833 1037 3896 iam
1060 3836 1249 3916 spectantur,

182 3949 220 3994 ne
254 3934 346 4015 plane
380 3942 504 4000 corruat
534 3936 596 4001 ista
619 3938 733 4021 opinio,
769 3957 828 4022 qua
852 3938 888 4003 ad
915 3937 1101 4022 Spartanum
1124 3943 1248 4024 poetam

181 4037 367 4104 referuntur.
407 4041 449 4106 Ut
473 4043 555 4108 enim
573 4043 708 4109 dubitari
724 4045 840 4128 nequit,
865 4046 939 4129 quin
957 4046 1139 4110 Theotimus
1155 4047 1249 4131 Spar·

183 4143 274 4207 tanus
304 4145 409 4224 luerit,
441 4149 487 4213 ita
518 4167 589 4213 eum
622 4151 675 4233 qui
698 4150 834 4234 loquitur
858 4151 1052 4236 Spartanum·
1069 4171 1129 4218 non
1154 4152 1249 4219 fuisse
