2934 4882
619 451 634 518 ᾖ
657 451 696 506 13.
724 450 868 507 Parodiae.
1234 457 1274 521 47

207 645 223 690 e
236 628 456 692 consuetudine
469 629 622 693 convivali
635 628 731 694 fuisse
740 631 880 712 proxima
888 632 1081 715 paragrapho
1091 632 1275 711 videbimus,

207 732 253 797 ita
277 733 502 800 obscaenitates
526 735 740 802 lascivioribus
762 738 794 800 in
816 739 937 803 cantico
954 737 1106 804 convivali
1120 739 1274 822 placuisse

207 857 354 921 cogoscas
386 860 422 904 er
446 842 553 907 Attico
584 842 678 907 scolio
702 844 745 910 22
776 843 832 926 (25
858 864 907 927 ap.
925 845 1028 927 Egla).
1075 846 1184 928 Neque
1215 865 1274 911 non

207 945 434 1029 Aristophanes
457 948 740 1014 Ecclesiazusarum
763 970 811 1018 vv.
830 953 894 1019 938
911 971 976 1035 sqq.
994 972 1022 1034 q.
1036 971 1061 1019 s.

366 1049 445 1133 Εἴθ’
470 1050 541 1140 ἐξῆν
564 1054 654 1138 παρὰ
679 1061 718 1139 τῇ
740 1061 796 1140 νέᾳ
819 1055 1002 1135 καθεύδειν,

365 1159 419 1221 καὶ
441 1160 485 1246 μὴ
505 1157 565 1225 ’δει
589 1159 744 1246 πρότερον
767 1160 979 1249 διασποδῆσαι

366 1259 520 1346 ἀνάσιμον
543 1262 565 1350 ἢ
587 1272 821 1356 πρεσβυτέραν·

365 1366 402 1434 οὗ
425 1372 485 1456 γαρ
510 1370 683 1454 ἀνασχετὸν
706 1379 802 1446 τοῦτο
825 1368 854 1455 y'
870 1371 1030 1458 ἐλευθέρῳ

203 1473 391 1540 obscaenum
407 1496 530 1542 carmen
546 1478 689 1543 iuvenem
704 1478 857 1561 quendam
870 1482 1032 1543 canentem
1045 1480 1176 1557 inducit,
1193 1482 1274 1565 quod

203 1582 308 1644 ortum
320 1583 445 1646 estsine
458 1584 550 1650 drubio
564 1604 600 1649 cr
612 1585 787 1649 imitatione
802 1585 903 1649 Attici
916 1586 1003 1650 scolii
1016 1588 1035 1654 6
1049 1590 1083 1664 (7
1099 1607 1148 1670 ap.
1161 1576 1272 1671 ng.)=

364 1702 447 1768 Εἴθ’
470 1705 540 1794 ἐξῆν
563 1701 679 1784 ὁποῖός
701 1733 751 1785 τις
774 1699 812 1793 ἦν
835 1707 966 1785 ἕκαστος
1183 1691 1185 1695 ’

362 1812 399 1877 τὸ
423 1816 544 1899 στῆθος
567 1809 709 1887 διελόντ’,
733 1813 848 1877 ἔπειτα
870 1813 925 1886 τδν
948 1816 1018 1877 νοῦν

362 1915 515 1994 ὲσιδόντα,
540 1921 710 1984 κλείσαντα
733 1917 833 1983 πάλιν

363 2024 461 2113 ἄνδρα
484 2028 579 2111 φίλον
602 2027 738 2107 νομίζειν
761 2021 867 2109 ἀδόλῳ
890 2027 988 2108 φρενί.

201 2130 292 2196 Illius
308 2134 391 2198 enim
408 2137 440 2198 et
454 2137 591 2200 metrum
607 2137 640 2199 et
655 2133 791 2198 initialia
803 2133 897 2197 verba
909 2128 976 2194 εἴθ’
989 2128 1059 2216 ἐξῆν
1071 2139 1268 2216 usurpantur.

293 2239 430 2322 Denique
446 2242 642 2325 Argyridem,
667 2260 762 2325 quam
784 2241 817 2304 in
839 2239 1002 2303 mulierem
1026 2257 1075 2306 vv.
1095 2241 1268 2307 1211-16

202 2343 297 2407 verba
312 2342 400 2420 fiunt,
421 2342 550 2429 ἑταίραν
565 2345 661 2411 fuisse
678 2345 898 2421 contenderim,
923 2361 1000 2426 quae
1017 2343 1156 2407 convivio
1173 2343 1270 2406 inter-

201 2447 298 2513 fuerit
331 2451 423 2533 atque
459 2449 639 2529 *παίζουσα
677 2449 884 2533 (convivalem
917 2447 1044 2512 ludendi
1077 2465 1195 2512 morem
1226 2449 1269 2512 ibi

199 2555 365 2640 intelleg03
390 2557 469 2623 conf.
487 2560 505 2641 θ
521 2563 560 2626 13
577 2559 662 2641 init.)
687 2564 811 2640 puttam
834 2557 956 2638 ingrate
980 2554 1140 2637 carpserit.
1179 2555 1269 2619 Hanc

162 2643 165 2649 ⁵
199 2662 362 2728 mulierem
386 2682 447 2728 non
463 2664 630 2746 ingenuam
649 2661 743 2726 fuisse
760 2660 966 2742 comperimus
984 2680 1010 2725 ν.
1027 2662 1121 2737 1212,
1147 2662 1179 2724 et
1195 2679 1268 2725 sane

200 2767 386 2832 credendum
403 2770 460 2844 est,
485 2787 556 2832 cum
572 2786 682 2832 uxores
699 2765 799 2831 nullas
816 2765 877 2829 nisi
893 2764 1007 2830 liberas
1024 2763 1157 2830 feminas
1174 2765 1268 2830 fuisse

199 2874 251 2937 rin
284 2892 360 2956 opus
394 2876 437 2938 sit
471 2875 659 2953 meminisse,
696 2870 825 2956 ἑταίρας
858 2871 1040 2954 plerumque
1071 2872 1184 2937 liberas
1208 2891 1267 2935 non

199 2978 306 3043 fuisse.
355 2978 498 3045 Sufficiat
530 2980 609 3045 unde
633 2980 665 3043 id
688 2978 891 3062 intellegatur
915 2977 1054 3042 Alexidis
1078 2979 1189 3043 comici
1212 2978 1268 3043 hos

197 3102 316 3162 versus,
340 3104 415 3168 quos
439 3087 619 3152 Athenaeus
639 3087 715 3151 XllI
738 3107 767 3169 p.
786 3087 915 3153 tulto
938 3085 1084 3156 servavit,
1108 3085 1265 3149 attulisse:

358 3205 528 3296 'steppodtoc'
555 3201 609 3297 ἦγε
633 3221 704 3286 ταῖς
727 3207 870 3294 ἑταίραις
893 3204 911 3287 ἡ
935 3205 1040 3282 πόλις,

357 3313 449 3400 ἕτερα
473 3316 507 3381 δὲ
530 3321 627 3402 χωρίς
650 3313 718 3380 ἔστι
741 3327 813 3392 ταῖς
836 3314 1040 3398 ἐλευθέραις·

358 3434 430 3501 ταῖς
453 3421 583 3511 ἡμέραις
606 3422 740 3500 ταύταις
764 3422 797 3487 δὲ
821 3422 979 3505 κωμάζειν
1001 3421 1081 3497 ἕδος

357 3526 442 3595 ἐστὶν
466 3530 560 3612 νόμος
582 3555 616 3596 τε
639 3531 699 3607 τὰς
721 3529 852 3614 ἑταίρας
875 3528 993 3594 ἐνθάδε

357 3632 435 3717 μεθ’
458 3633 553 3724 ἡμῶν.

556 3887 577 3970 ξ
600 3886 657 3952 13.
694 3883 905 3961 Parodiae.

286 4028 321 4093 ln
345 4029 484 4094 convivio
508 4031 629 4092 veteres
652 4027 765 4090 lusisse
781 4026 904 4107 saepius
921 4023 1136 4106 comperimus.
1168 4020 1264 4085 Velut

194 4132 252 4198 lon
275 4132 352 4198 dicit
375 4133 427 4216 (ir.
454 4140 484 4212 1,
514 4137 551 4202 16
575 4134 688 4215 Egit:
772 4183 775 4187 .
