<?xml version="1.0" encoding="UTF-8"?>
<!DOCTYPE html PUBLIC "-//W3C//DTD XHTML 1.0 Transitional//EN"
    "http://www.w3.org/TR/xhtml1/DTD/xhtml1-transitional.dtd">
<html xmlns="http://www.w3.org/1999/xhtml" xml:lang="en" lang="en">
 <head>
  <title>
</title>
<meta http-equiv="Content-Type" content="text/html;charset=utf-8" />
  <meta name='ocr-system' content='tesseract 3.04.00' />
  <meta name='ocr-capabilities' content='ocr_page ocr_carea ocr_par ocr_line ocrx_word'/>
</head>
<body>
  <div class='ocr_page' id='page_1' title='image "./exusuconvivalit00wendgoog_0046.png"; bbox 0 0 2934 4882; ppageno 0'>
   <div class='ocr_carea' id='block_1_1' title="bbox 348 489 1269 559">
    <p class='ocr_par' dir='ltr' id='par_1_1' title="bbox 348 489 1269 559">
     <span class='ocr_line' id='line_1_1' title="bbox 348 489 1269 559; baseline -0.003 -13"><span class='ocrx_word' id='word_1_1' title='bbox 348 492 367 559; x_wconf 67' lang='grc' dir='ltr'><strong>ἐ</strong></span> <span class='ocrx_word' id='word_1_2' title='bbox 387 491 411 546; x_wconf 86' lang='grc'>9.</span> <span class='ocrx_word' id='word_1_3' title='bbox 440 491 543 546; x_wconf 86' lang='lat' dir='ltr'>Versus</span> <span class='ocrx_word' id='word_1_4' title='bbox 561 489 608 558; x_wconf 89' lang='lat' dir='ltr'>qui</span> <span class='ocrx_word' id='word_1_5' title='bbox 627 489 767 559; x_wconf 88' lang='lat' dir='ltr'>pertinent</span> <span class='ocrx_word' id='word_1_6' title='bbox 786 489 972 558; x_wconf 78' lang='lat' dir='ltr'>erl-puerilem</span> <span class='ocrx_word' id='word_1_7' title='bbox 991 503 1118 546; x_wconf 83' lang='lat' dir='ltr'>amorem.</span> <span class='ocrx_word' id='word_1_8' title='bbox 1226 493 1269 555; x_wconf 85' lang='lat'>39</span> 
     </span>
    </p>
   </div>
   <div class='ocr_carea' id='block_1_2' title="bbox 105 667 1270 2330">
    <p class='ocr_par' dir='ltr' id='par_1_2' title="bbox 105 667 1270 2330">
     <span class='ocr_line' id='line_1_2' title="bbox 199 667 1270 755; baseline -0.003 -19"><span class='ocrx_word' id='word_1_9' title='bbox 199 689 358 754; x_wconf 88' lang='lat' dir='ltr'>nunquam</span> <span class='ocrx_word' id='word_1_10' title='bbox 395 670 600 736; x_wconf 80' lang='lat' dir='ltr'>intervenisse</span> <span class='ocrx_word' id='word_1_11' title='bbox 633 669 732 755; x_wconf 87' lang='lat' dir='ltr'>ipsius</span> <span class='ocrx_word' id='word_1_12' title='bbox 765 670 890 735; x_wconf 81' lang='lat' dir='ltr'>nostrae</span> <span class='ocrx_word' id='word_1_13' title='bbox 925 667 1076 751; x_wconf 46' lang='lat' dir='ltr'>sylloges,</span> <span class='ocrx_word' id='word_1_14' title='bbox 1095 668 1128 732; x_wconf 89' lang='lat' dir='ltr'>hi</span> <span class='ocrx_word' id='word_1_15' title='bbox 1162 686 1270 733; x_wconf 87' lang='lat' dir='ltr'>versus</span> 
     </span>
     <span class='ocr_line' id='line_1_3' title="bbox 201 777 1259 844; baseline -0.003 -2"><span class='ocrx_word' id='word_1_16' title='bbox 201 777 375 844; x_wconf 87' lang='lat' dir='ltr'>declarant:</span> <span class='ocrx_word' id='word_1_17' title='bbox 1257 836 1259 839; x_wconf 84' lang='grc'><em>,</em></span> 
     </span>
     <span class='ocr_line' id='line_1_4' title="bbox 199 871 1270 966; baseline -0.007 -15"><span class='ocrx_word' id='word_1_18' title='bbox 199 885 372 951; x_wconf 73' lang='lat'>413—142</span> <span class='ocrx_word' id='word_1_19' title='bbox 401 884 501 944; x_wconf 84' lang='grc' dir='ltr'><strong><em>Πίνων</em></strong></span> <span class='ocrx_word' id='word_1_20' title='bbox 523 875 552 943; x_wconf 80' lang='grc' dir='ltr'>δ’</span> <span class='ocrx_word' id='word_1_21' title='bbox 576 875 637 961; x_wconf 81' lang='grc' dir='ltr'>οάχ</span> <span class='ocrx_word' id='word_1_22' title='bbox 666 874 769 956; x_wconf 72' lang='grc' dir='ltr'><strong><em>οὕτως</em></strong></span> <span class='ocrx_word' id='word_1_23' title='bbox 791 877 993 966; x_wconf 71' lang='grc' dir='ltr'><strong><em>θωρήξομαι,</em></strong></span> <span class='ocrx_word' id='word_1_24' title='bbox 1012 874 1103 943; x_wconf 19' lang='grc' dir='ltr'>κούδέ</span> <span class='ocrx_word' id='word_1_25' title='bbox 1124 893 1164 960; x_wconf 91' lang='grc' dir='ltr'>με</span> <span class='ocrx_word' id='word_1_26' title='bbox 1181 871 1270 956; x_wconf 77' lang='grc' dir='ltr'><strong><em>ὀἶνος</em></strong></span> 
     </span>
     <span class='ocr_line' id='line_1_5' title="bbox 435 981 1260 1070; baseline -0.002 -20"><span class='ocrx_word' id='word_1_27' title='bbox 435 983 549 1070; x_wconf 75' lang='grc' dir='ltr'>ἐξάγει,</span> <span class='ocrx_word' id='word_1_28' title='bbox 575 981 650 1050; x_wconf 76' lang='grc' dir='ltr'><strong><em>ὥστ’</em></strong></span> <span class='ocrx_word' id='word_1_29' title='bbox 673 983 777 1050; x_wconf 81' lang='grc' dir='ltr'>εἰπεῖν</span> <span class='ocrx_word' id='word_1_30' title='bbox 800 983 908 1055; x_wconf 84' lang='grc' dir='ltr'><strong><em>δεινὸν,</em></strong></span> <span class='ocrx_word' id='word_1_31' title='bbox 923 981 1003 1061; x_wconf 72' lang='grc' dir='ltr'><strong><em>ἔπος</em></strong></span> <span class='ocrx_word' id='word_1_32' title='bbox 1026 985 1104 1070; x_wconf 83' lang='grc' dir='ltr'>περὶ</span> <span class='ocrx_word' id='word_1_33' title='bbox 1126 991 1196 1050; x_wconf 52' lang='grc' dir='ltr'><strong><em>σοῦ’.</em></strong></span> <span class='ocrx_word' id='word_1_34' title='bbox 1258 1032 1260 1039; x_wconf 81' lang='lat'>-</span> 
     </span>
     <span class='ocr_line' id='line_1_6' title="bbox 199 1082 1240 1178; baseline -0.006 -16"><span class='ocrx_word' id='word_1_35' title='bbox 199 1096 372 1163; x_wconf 79' lang='lat'>493—94:</span> <span class='ocrx_word' id='word_1_36' title='bbox 396 1089 488 1174; x_wconf 76' lang='grc' dir='ltr'><strong><em>ὑμεῖς</em></strong></span> <span class='ocrx_word' id='word_1_37' title='bbox 511 1089 537 1156; x_wconf 55' lang='grc' dir='ltr'>δ)</span> <span class='ocrx_word' id='word_1_38' title='bbox 564 1082 600 1157; x_wconf 78' lang='grc' dir='ltr'>εὖ</span> <span class='ocrx_word' id='word_1_39' title='bbox 622 1095 788 1172; x_wconf 86' lang='grc' dir='ltr'>μυθεῖσθε</span> <span class='ocrx_word' id='word_1_40' title='bbox 810 1091 903 1178; x_wconf 85' lang='grc' dir='ltr'>παρά</span> <span class='ocrx_word' id='word_1_41' title='bbox 925 1091 1055 1178; x_wconf 74' lang='grc' dir='ltr'><strong><em>κρητῆρι</em></strong></span> <span class='ocrx_word' id='word_1_42' title='bbox 1079 1097 1240 1172; x_wconf 58' lang='grc' dir='ltr'>μένοντες,7</span> 
     </span>
     <span class='ocr_line' id='line_1_7' title="bbox 434 1193 1092 1285; baseline -0.002 -23"><span class='ocrx_word' id='word_1_43' title='bbox 434 1194 582 1285; x_wconf 85' lang='grc' dir='ltr'><strong><em>ἀλλήλων</em></strong></span> <span class='ocrx_word' id='word_1_44' title='bbox 605 1197 707 1285; x_wconf 75' lang='grc' dir='ltr'><strong><em>ἔριδος</em></strong></span> <span class='ocrx_word' id='word_1_45' title='bbox 730 1193 824 1282; x_wconf 76' lang='grc' dir='ltr'><strong><em>δήμμ’</em></strong></span> <span class='ocrx_word' id='word_1_46' title='bbox 848 1193 1092 1283; x_wconf 83' lang='grc' dir='ltr'><strong><em>ἀπερυκόμενοι.</em></strong></span> 
     </span>
     <span class='ocr_line' id='line_1_8' title="bbox 198 1300 1267 1390; baseline -0.005 -16"><span class='ocrx_word' id='word_1_47' title='bbox 198 1309 371 1376; x_wconf 81' lang='lat'>841-42:</span> <span class='ocrx_word' id='word_1_48' title='bbox 400 1300 572 1388; x_wconf 79' lang='grc' dir='ltr'><strong><em>Οἶνοςέμοὶ</em></strong></span> <span class='ocrx_word' id='word_1_49' title='bbox 584 1305 696 1387; x_wconf 80' lang='grc' dir='ltr'><strong><em>τὰμὲν</em></strong></span> <span class='ocrx_word' id='word_1_50' title='bbox 708 1302 791 1368; x_wconf 81' lang='grc' dir='ltr'><strong><em>ἀλλα</em></strong></span> <span class='ocrx_word' id='word_1_51' title='bbox 803 1304 978 1390; x_wconf 81' lang='grc' dir='ltr'><strong><em>χαρίζεται,</em></strong></span> <span class='ocrx_word' id='word_1_52' title='bbox 991 1305 1024 1368; x_wconf 78' lang='grc' dir='ltr'>ἓν</span> <span class='ocrx_word' id='word_1_53' title='bbox 1040 1301 1067 1369; x_wconf 78' lang='grc' dir='ltr'>δ’</span> <span class='ocrx_word' id='word_1_54' title='bbox 1082 1300 1267 1390; x_wconf 82' lang='grc' dir='ltr'><strong><em>ἀχάρισυον,</em></strong></span> 
     </span>
     <span class='ocr_line' id='line_1_9' title="bbox 435 1404 1269 1497; baseline 0.001 -21"><span class='ocrx_word' id='word_1_55' title='bbox 435 1404 497 1476; x_wconf 78' lang='grc' dir='ltr'>εὖτ’</span> <span class='ocrx_word' id='word_1_56' title='bbox 527 1408 566 1476; x_wconf 85' lang='grc' dir='ltr'>ἀν</span> <span class='ocrx_word' id='word_1_57' title='bbox 592 1410 742 1497; x_wconf 84' lang='grc' dir='ltr'><strong><em>θωρήξας</em></strong></span> <span class='ocrx_word' id='word_1_58' title='bbox 768 1407 800 1493; x_wconf 80' lang='grc' dir='ltr'>μ’</span> <span class='ocrx_word' id='word_1_59' title='bbox 827 1409 926 1495; x_wconf 84' lang='grc' dir='ltr'><strong><em>ἀνδρα</em></strong></span> <span class='ocrx_word' id='word_1_60' title='bbox 949 1408 1031 1495; x_wconf 83' lang='grc' dir='ltr'><strong><em>πρὸς</em></strong></span> <span class='ocrx_word' id='word_1_61' title='bbox 1054 1407 1173 1496; x_wconf 77' lang='grc' dir='ltr'><strong><em>ἐχθρὸν</em></strong></span> <span class='ocrx_word' id='word_1_62' title='bbox 1196 1407 1269 1495; x_wconf 76' lang='grc' dir='ltr'>ἄγῃ.</span> 
     </span>
     <span class='ocr_line' id='line_1_10' title="bbox 199 1516 1270 1604; baseline 0.001 -22"><span class='ocrx_word' id='word_1_63' title='bbox 199 1516 347 1582; x_wconf 82' lang='lat' dir='ltr'>Ceterum</span> <span class='ocrx_word' id='word_1_64' title='bbox 378 1519 411 1583; x_wconf 93' lang='lat' dir='ltr'>in</span> <span class='ocrx_word' id='word_1_65' title='bbox 443 1520 626 1604; x_wconf 86' lang='lat' dir='ltr'>quibusdam</span> <span class='ocrx_word' id='word_1_66' title='bbox 655 1519 771 1602; x_wconf 84' lang='lat' dir='ltr'>eelegis</span> <span class='ocrx_word' id='word_1_67' title='bbox 795 1538 874 1602; x_wconf 91' lang='lat' dir='ltr'>quae</span> <span class='ocrx_word' id='word_1_68' title='bbox 897 1519 1027 1583; x_wconf 77' lang='lat' dir='ltr'>nasutis</span> <span class='ocrx_word' id='word_1_69' title='bbox 1050 1521 1124 1583; x_wconf 88' lang='lat' dir='ltr'>sunt</span> <span class='ocrx_word' id='word_1_70' title='bbox 1146 1520 1270 1602; x_wconf 85' lang='lat' dir='ltr'>peteres</span> 
     </span>
     <span class='ocr_line' id='line_1_11' title="bbox 197 1623 1268 1708; baseline 0.002 -22"><span class='ocrx_word' id='word_1_71' title='bbox 197 1623 350 1706; x_wconf 90' lang='lat' dir='ltr'>appellari</span> <span class='ocrx_word' id='word_1_72' title='bbox 366 1627 461 1691; x_wconf 87' lang='lat' dir='ltr'>etiam</span> <span class='ocrx_word' id='word_1_73' title='bbox 477 1626 547 1691; x_wconf 93' lang='lat' dir='ltr'>aliis</span> <span class='ocrx_word' id='word_1_74' title='bbox 564 1626 738 1692; x_wconf 89' lang='lat' dir='ltr'>rationibus</span> <span class='ocrx_word' id='word_1_75' title='bbox 754 1625 831 1690; x_wconf 87' lang='lat' dir='ltr'>satis</span> <span class='ocrx_word' id='word_1_76' title='bbox 845 1625 1043 1708; x_wconf 89' lang='lat' dir='ltr'>perspicuum</span> <span class='ocrx_word' id='word_1_77' title='bbox 1055 1625 1102 1689; x_wconf 88' lang='lat' dir='ltr'>fit.</span> <span class='ocrx_word' id='word_1_78' title='bbox 1139 1626 1268 1690; x_wconf 89' lang='lat' dir='ltr'>Poteres</span> 
     </span>
     <span class='ocr_line' id='line_1_12' title="bbox 105 1728 1267 1826; baseline 0.004 -33"><span class='ocrx_word' id='word_1_79' title='bbox 105 1818 110 1826; x_wconf 90' lang='lat'>.</span> <span class='ocrx_word' id='word_1_80' title='bbox 198 1729 281 1794; x_wconf 91' lang='lat' dir='ltr'>enim</span> <span class='ocrx_word' id='word_1_81' title='bbox 314 1731 457 1798; x_wconf 85' lang='lat' dir='ltr'>‘sodales’</span> <span class='ocrx_word' id='word_1_82' title='bbox 482 1732 599 1798; x_wconf 83' lang='lat' dir='ltr'>Graece</span> <span class='ocrx_word' id='word_1_83' title='bbox 623 1734 746 1797; x_wconf 82' lang='lat' dir='ltr'>vocatos</span> <span class='ocrx_word' id='word_1_84' title='bbox 771 1751 839 1797; x_wconf 88' lang='lat' dir='ltr'>esse</span> <span class='ocrx_word' id='word_1_85' title='bbox 863 1750 956 1814; x_wconf 91' lang='lat' dir='ltr'>supra</span> <span class='ocrx_word' id='word_1_86' title='bbox 979 1729 1011 1816; x_wconf 68' lang='grc' dir='ltr'>(ξ</span> <span class='ocrx_word' id='word_1_87' title='bbox 1027 1730 1064 1815; x_wconf 82' lang='grc'>4)</span> <span class='ocrx_word' id='word_1_88' title='bbox 1088 1728 1267 1799; x_wconf 85' lang='lat' dir='ltr'>statuimus.</span> 
     </span>
     <span class='ocr_line' id='line_1_13' title="bbox 198 1835 969 1922; baseline 0 -20"><span class='ocrx_word' id='word_1_89' title='bbox 198 1835 317 1902; x_wconf 84' lang='lat' dir='ltr'>Sodalis</span> <span class='ocrx_word' id='word_1_90' title='bbox 340 1840 445 1903; x_wconf 84' lang='lat' dir='ltr'>autem</span> <span class='ocrx_word' id='word_1_91' title='bbox 468 1839 644 1922; x_wconf 89' lang='lat' dir='ltr'>appellatur</span> <span class='ocrx_word' id='word_1_92' title='bbox 667 1859 715 1903; x_wconf 82' lang='lat' dir='ltr'>vv.</span> <span class='ocrx_word' id='word_1_93' title='bbox 733 1839 887 1907; x_wconf 76' lang='lat' dir='ltr'>seo—96</span> <span class='ocrx_word' id='word_1_94' title='bbox 903 1857 932 1920; x_wconf 88' lang='lat' dir='ltr'>q.</span> <span class='ocrx_word' id='word_1_95' title='bbox 945 1857 969 1902; x_wconf 93' lang='lat' dir='ltr'>s.</span> 
     </span>
     <span class='ocr_line' id='line_1_14' title="bbox 281 1932 1260 2030; baseline 0 -25"><span class='ocrx_word' id='word_1_96' title='bbox 281 1938 459 2028; x_wconf 54' lang='grc' dir='ltr'><strong><em>Ἆνθρωπ),</em></strong></span> <span class='ocrx_word' id='word_1_97' title='bbox 484 1938 671 2030; x_wconf 76' lang='grc' dir='ltr'><strong><em>ἀλλήλοισιν</em></strong></span> <span class='ocrx_word' id='word_1_98' title='bbox 694 1939 891 2027; x_wconf 75' lang='grc' dir='ltr'><strong><em>ἀπόπροθεν</em></strong></span> <span class='ocrx_word' id='word_1_99' title='bbox 914 1932 997 2023; x_wconf 79' lang='grc' dir='ltr'>ὦμεν</span> <span class='ocrx_word' id='word_1_100' title='bbox 1018 1939 1157 2026; x_wconf 81' lang='grc' dir='ltr'><strong><em>ἑταῖροι·</em></strong></span> <span class='ocrx_word' id='word_1_101' title='bbox 1258 1976 1260 1980; x_wconf 93' lang='grc'><strong><em>·</em></strong></span> 
     </span>
     <span class='ocr_line' id='line_1_15' title="bbox 331 2041 1122 2134; baseline 0.003 -23"><span class='ocrx_word' id='word_1_102' title='bbox 331 2048 417 2134; x_wconf 84' lang='grc' dir='ltr'><strong><em>πλήν</em></strong></span> <span class='ocrx_word' id='word_1_103' title='bbox 439 2047 583 2113; x_wconf 82' lang='grc' dir='ltr'><strong><em>πλούτου</em></strong></span> <span class='ocrx_word' id='word_1_104' title='bbox 608 2047 731 2123; x_wconf 82' lang='grc' dir='ltr'><strong><em>παντὸς</em></strong></span> <span class='ocrx_word' id='word_1_105' title='bbox 754 2044 916 2132; x_wconf 79' lang='grc' dir='ltr'><strong><em>χρήματος</em></strong></span> <span class='ocrx_word' id='word_1_106' title='bbox 938 2041 1006 2108; x_wconf 74' lang='grc' dir='ltr'><strong><em>ἐστι</em></strong></span> <span class='ocrx_word' id='word_1_107' title='bbox 1028 2045 1122 2133; x_wconf 86' lang='grc' dir='ltr'><strong><em>κόρυς</em></strong></span> 
     </span>
     <span class='ocr_line' id='line_1_16' title="bbox 199 2151 1266 2237; baseline 0.004 -21"><span class='ocrx_word' id='word_1_108' title='bbox 199 2154 232 2217; x_wconf 87' lang='lat' dir='ltr'>et</span> <span class='ocrx_word' id='word_1_109' title='bbox 261 2154 293 2217; x_wconf 88' lang='lat' dir='ltr'>in</span> <span class='ocrx_word' id='word_1_110' title='bbox 324 2154 384 2232; x_wconf 88' lang='lat' dir='ltr'>his,</span> <span class='ocrx_word' id='word_1_111' title='bbox 414 2155 475 2219; x_wconf 89' lang='lat' dir='ltr'>nisi</span> <span class='ocrx_word' id='word_1_112' title='bbox 509 2154 592 2219; x_wconf 83' lang='lat' dir='ltr'>fallit</span> <span class='ocrx_word' id='word_1_113' title='bbox 616 2155 729 2237; x_wconf 89' lang='lat' dir='ltr'>opinio,</span> <span class='ocrx_word' id='word_1_114' title='bbox 762 2171 840 2236; x_wconf 90' lang='lat' dir='ltr'>quae</span> <span class='ocrx_word' id='word_1_115' title='bbox 862 2152 957 2217; x_wconf 89' lang='lat' dir='ltr'>finem</span> <span class='ocrx_word' id='word_1_116' title='bbox 981 2151 1099 2219; x_wconf 84' lang='lat' dir='ltr'>faciunt</span> <span class='ocrx_word' id='word_1_117' title='bbox 1121 2173 1266 2220; x_wconf 87' lang='lat' dir='ltr'>versuum</span> 
     </span>
     <span class='ocr_line' id='line_1_17' title="bbox 199 2259 374 2330; baseline 0.034 -5"><span class='ocrx_word' id='word_1_118' title='bbox 199 2259 374 2330; x_wconf 76' lang='lat'><strong>963-70:</strong></span> 
     </span>
    </p>
   </div>
   <div class='ocr_carea' id='block_1_3' title="bbox 289 2358 1166 2451">
    <p class='ocr_par' dir='ltr' id='par_1_3' title="bbox 289 2358 1166 2451">
     <span class='ocr_line' id='line_1_18' title="bbox 289 2358 1166 2451; baseline 0.001 -26"><span class='ocrx_word' id='word_1_119' title='bbox 289 2359 396 2449; x_wconf 75' lang='grc' dir='ltr'><strong><em>ἔφθην</em></strong></span> <span class='ocrx_word' id='word_1_120' title='bbox 420 2358 448 2428; x_wconf 79' lang='grc' dir='ltr'>α’</span> <span class='ocrx_word' id='word_1_121' title='bbox 472 2361 603 2451; x_wconf 80' lang='grc' dir='ltr'><strong><em>αἰνήσας</em></strong></span> <span class='ocrx_word' id='word_1_122' title='bbox 627 2368 704 2450; x_wconf 87' lang='grc' dir='ltr'><strong><em>πρίν</em></strong></span> <span class='ocrx_word' id='word_1_123' title='bbox 728 2386 783 2428; x_wconf 91' lang='grc' dir='ltr'>σου</span> <span class='ocrx_word' id='word_1_124' title='bbox 807 2362 889 2428; x_wconf 84' lang='grc' dir='ltr'>κατά</span> <span class='ocrx_word' id='word_1_125' title='bbox 914 2362 1024 2426; x_wconf 84' lang='grc' dir='ltr'><strong><em>πάντα</em></strong></span> <span class='ocrx_word' id='word_1_126' title='bbox 1048 2363 1166 2449; x_wconf 77' lang='grc' dir='ltr'><strong><em>δαῆναι</em></strong></span> 
     </span>
    </p>
   </div>
   <div class='ocr_carea' id='block_1_4' title="bbox 197 2576 1267 2770">
    <p class='ocr_par' dir='ltr' id='par_1_4' title="bbox 197 2576 1267 2770">
     <span class='ocr_line' id='line_1_19' title="bbox 199 2576 1265 2662; baseline 0.003 -23"><span class='ocrx_word' id='word_1_127' title='bbox 199 2576 246 2640; x_wconf 93' lang='lat' dir='ltr'>lbi</span> <span class='ocrx_word' id='word_1_128' title='bbox 281 2577 365 2643; x_wconf 91' lang='lat' dir='ltr'>enim</span> <span class='ocrx_word' id='word_1_129' title='bbox 395 2576 493 2644; x_wconf 88' lang='lat' dir='ltr'>falsus</span> <span class='ocrx_word' id='word_1_130' title='bbox 523 2581 555 2644; x_wconf 88' lang='lat' dir='ltr'>et</span> <span class='ocrx_word' id='word_1_131' title='bbox 588 2579 723 2645; x_wconf 91' lang='lat' dir='ltr'>infidelis</span> <span class='ocrx_word' id='word_1_132' title='bbox 754 2579 872 2644; x_wconf 90' lang='lat' dir='ltr'>amicus</span> <span class='ocrx_word' id='word_1_133' title='bbox 896 2598 915 2644; x_wconf 88' lang='lat' dir='ltr'>a</span> <span class='ocrx_word' id='word_1_134' title='bbox 937 2581 1028 2662; x_wconf 80' lang='lat' dir='ltr'>poeta</span> <span class='ocrx_word' id='word_1_135' title='bbox 1051 2578 1265 2660; x_wconf 79' lang='lat' dir='ltr'><strong>increpitatur,</strong></span> 
     </span>
     <span class='ocr_line' id='line_1_20' title="bbox 197 2684 1267 2770; baseline 0.001 -23"><span class='ocrx_word' id='word_1_136' title='bbox 197 2702 291 2767; x_wconf 86' lang='lat' dir='ltr'>quem</span> <span class='ocrx_word' id='word_1_137' title='bbox 324 2684 466 2750; x_wconf 73' lang='lat' dir='ltr'>sodalicii</span> <span class='ocrx_word' id='word_1_138' title='bbox 497 2687 679 2770; x_wconf 85' lang='lat' dir='ltr'>participem</span> <span class='ocrx_word' id='word_1_139' title='bbox 712 2684 807 2750; x_wconf 89' lang='lat' dir='ltr'>fuisse</span> <span class='ocrx_word' id='word_1_140' title='bbox 831 2704 925 2768; x_wconf 88' lang='lat' dir='ltr'>supra</span> <span class='ocrx_word' id='word_1_141' title='bbox 948 2685 1035 2751; x_wconf 89' lang='lat' dir='ltr'>nobis</span> <span class='ocrx_word' id='word_1_142' title='bbox 1058 2684 1267 2769; x_wconf 75' lang='lat' dir='ltr'>persuasimus</span> 
     </span>
    </p>
   </div>
   <div class='ocr_carea' id='block_1_5' title="bbox 197 2787 377 2876">
    <p class='ocr_par' dir='ltr' id='par_1_5' title="bbox 197 2787 377 2876">
     <span class='ocr_line' id='line_1_21' title="bbox 197 2787 377 2876; baseline 0.017 -22"><span class='ocrx_word' id='word_1_143' title='bbox 197 2787 275 2874; x_wconf 75' lang='lat' dir='ltr'>(aa.</span> <span class='ocrx_word' id='word_1_144' title='bbox 299 2787 377 2876; x_wconf 65' lang='lat' dir='ltr'>aa).</span> 
     </span>
    </p>
   </div>
   <div class='ocr_carea' id='block_1_6' title="bbox 286 3019 1176 3196">
    <p class='ocr_par' dir='ltr' id='par_1_6' title="bbox 286 3019 1176 3196">
     <span class='ocr_line' id='line_1_22' title="bbox 286 3019 1176 3106; baseline 0.004 -20"><span class='ocrx_word' id='word_1_145' title='bbox 286 3019 308 3104; x_wconf 62' lang='grc' dir='ltr'><strong>ς</strong></span> <span class='ocrx_word' id='word_1_146' title='bbox 331 3021 368 3087; x_wconf 87' lang='grc'>9.</span> <span class='ocrx_word' id='word_1_147' title='bbox 403 3020 558 3089; x_wconf 87' lang='lat' dir='ltr'>Versus</span> <span class='ocrx_word' id='word_1_148' title='bbox 583 3021 652 3105; x_wconf 90' lang='lat' dir='ltr'>qni</span> <span class='ocrx_word' id='word_1_149' title='bbox 675 3022 881 3106; x_wconf 85' lang='lat' dir='ltr'>pertinent</span> <span class='ocrx_word' id='word_1_150' title='bbox 903 3021 954 3088; x_wconf 92' lang='lat' dir='ltr'>ad</span> <span class='ocrx_word' id='word_1_151' title='bbox 978 3019 1176 3104; x_wconf 84' lang='lat' dir='ltr'>puerilem</span> 
     </span>
     <span class='ocr_line' id='line_1_23' title="bbox 633 3147 827 3196; baseline 0 -1"><span class='ocrx_word' id='word_1_152' title='bbox 633 3147 827 3196; x_wconf 86' lang='lat' dir='ltr'>amorem.</span> 
     </span>
    </p>
   </div>
   <div class='ocr_carea' id='block_1_7' title="bbox 148 3263 1266 3884">
    <p class='ocr_par' dir='ltr' id='par_1_7' title="bbox 148 3263 1266 3884">
     <span class='ocr_line' id='line_1_24' title="bbox 289 3263 1266 3355; baseline -0.006 -22"><span class='ocrx_word' id='word_1_153' title='bbox 289 3267 375 3353; x_wconf 81' lang='lat' dir='ltr'>Quod</span> <span class='ocrx_word' id='word_1_154' title='bbox 411 3269 449 3334; x_wconf 91' lang='lat' dir='ltr'>ad</span> <span class='ocrx_word' id='word_1_155' title='bbox 484 3273 622 3335; x_wconf 89' lang='lat' dir='ltr'>nostram</span> <span class='ocrx_word' id='word_1_156' title='bbox 658 3269 800 3355; x_wconf 82' lang='lat' dir='ltr'>syllegen</span> <span class='ocrx_word' id='word_1_157' title='bbox 836 3287 979 3334; x_wconf 90' lang='lat' dir='ltr'>versuum</span> <span class='ocrx_word' id='word_1_158' title='bbox 1016 3270 1080 3336; x_wconf 74' lang='lat'>154</span> <span class='ocrx_word' id='word_1_159' title='bbox 1115 3263 1266 3349; x_wconf 82' lang='lat' dir='ltr'>appendix</span> 
     </span>
     <span class='ocr_line' id='line_1_25' title="bbox 196 3359 1265 3460; baseline -0.003 -22"><span class='ocrx_word' id='word_1_160' title='bbox 196 3373 327 3453; x_wconf 84' lang='lat' dir='ltr'>accedit,</span> <span class='ocrx_word' id='word_1_161' title='bbox 361 3395 454 3460; x_wconf 90' lang='lat' dir='ltr'>quam</span> <span class='ocrx_word' id='word_1_162' title='bbox 489 3375 573 3442; x_wconf 87' lang='lat' dir='ltr'>selus</span> <span class='ocrx_word' id='word_1_163' title='bbox 608 3377 744 3442; x_wconf 79' lang='lat' dir='ltr'>servavit</span> <span class='ocrx_word' id='word_1_164' title='bbox 774 3375 841 3442; x_wconf 91' lang='lat' dir='ltr'>cod.</span> <span class='ocrx_word' id='word_1_165' title='bbox 860 3375 986 3452; x_wconf 75' lang='lat' dir='ltr'>Mutia,</span> <span class='ocrx_word' id='word_1_166' title='bbox 1021 3372 1180 3440; x_wconf 86' lang='lat' dir='ltr'>continens</span> <span class='ocrx_word' id='word_1_167' title='bbox 1213 3359 1265 3436; x_wconf 89' lang='lat' dir='ltr'>eas</span> 
     </span>
     <span class='ocr_line' id='line_1_26' title="bbox 196 3477 1265 3565; baseline -0.001 -22"><span class='ocrx_word' id='word_1_168' title='bbox 196 3477 322 3562; x_wconf 79' lang='lat' dir='ltr'>eclogas</span> <span class='ocrx_word' id='word_1_169' title='bbox 346 3499 423 3564; x_wconf 90' lang='lat' dir='ltr'>quae</span> <span class='ocrx_word' id='word_1_170' title='bbox 445 3481 596 3565; x_wconf 85' lang='lat' dir='ltr'>puerilem</span> <span class='ocrx_word' id='word_1_171' title='bbox 621 3500 758 3547; x_wconf 90' lang='lat' dir='ltr'>amorem</span> <span class='ocrx_word' id='word_1_172' title='bbox 781 3483 927 3559; x_wconf 75' lang='lat' dir='ltr'>attinent,</span> <span class='ocrx_word' id='word_1_173' title='bbox 959 3480 1089 3545; x_wconf 89' lang='lat' dir='ltr'>dubium</span> <span class='ocrx_word' id='word_1_174' title='bbox 1113 3496 1265 3544; x_wconf 88' lang='lat' dir='ltr'>essenon</span> 
     </span>
     <span class='ocr_line' id='line_1_27' title="bbox 148 3585 1265 3669; baseline 0.001 -20"><span class='ocrx_word' id='word_1_175' title='bbox 148 3645 157 3658; x_wconf 89' lang='grc'>,</span> <span class='ocrx_word' id='word_1_176' title='bbox 195 3586 309 3669; x_wconf 79' lang='lat' dir='ltr'>potest,</span> <span class='ocrx_word' id='word_1_177' title='bbox 342 3587 417 3669; x_wconf 89' lang='lat' dir='ltr'>quin</span> <span class='ocrx_word' id='word_1_178' title='bbox 447 3589 640 3654; x_wconf 79' lang='lat' dir='ltr'>convivalem</span> <span class='ocrx_word' id='word_1_179' title='bbox 673 3608 761 3653; x_wconf 91' lang='lat' dir='ltr'>usum</span> <span class='ocrx_word' id='word_1_180' title='bbox 794 3591 825 3653; x_wconf 88' lang='lat' dir='ltr'>et</span> <span class='ocrx_word' id='word_1_181' title='bbox 855 3589 916 3653; x_wconf 87' lang='lat' dir='ltr'>ista</span> <span class='ocrx_word' id='word_1_182' title='bbox 947 3587 1068 3653; x_wconf 86' lang='lat' dir='ltr'>cantica</span> <span class='ocrx_word' id='word_1_183' title='bbox 1091 3585 1265 3651; x_wconf 81' lang='lat' dir='ltr'>habuerint.</span> 
     </span>
     <span class='ocr_line' id='line_1_28' title="bbox 197 3690 1266 3778; baseline 0.001 -24"><span class='ocrx_word' id='word_1_184' title='bbox 197 3691 340 3756; x_wconf 90' lang='lat' dir='ltr'>Primum</span> <span class='ocrx_word' id='word_1_185' title='bbox 368 3694 452 3758; x_wconf 91' lang='lat' dir='ltr'>enim</span> <span class='ocrx_word' id='word_1_186' title='bbox 475 3695 707 3761; x_wconf 82' lang='lat' dir='ltr'>Anacreonleae</span> <span class='ocrx_word' id='word_1_187' title='bbox 730 3696 832 3778; x_wconf 82' lang='lat' dir='ltr'>poesis</span> <span class='ocrx_word' id='word_1_188' title='bbox 856 3694 995 3778; x_wconf 84' lang='lat' dir='ltr'>exemplo</span> <span class='ocrx_word' id='word_1_189' title='bbox 1018 3691 1097 3757; x_wconf 92' lang='lat' dir='ltr'>illud</span> <span class='ocrx_word' id='word_1_190' title='bbox 1120 3690 1266 3774; x_wconf 76' lang='lat' dir='ltr'>intellegi</span> 
     </span>
     <span class='ocr_line' id='line_1_29' title="bbox 194 3796 1266 3884; baseline -0.001 -22"><span class='ocrx_word' id='word_1_191' title='bbox 194 3796 281 3875; x_wconf 84' lang='lat' dir='ltr'>lieet,</span> <span class='ocrx_word' id='word_1_192' title='bbox 305 3818 323 3863; x_wconf 92' lang='lat' dir='ltr'>a</span> <span class='ocrx_word' id='word_1_193' title='bbox 347 3818 409 3883; x_wconf 87' lang='lat' dir='ltr'>qna</span> <span class='ocrx_word' id='word_1_194' title='bbox 432 3799 506 3866; x_wconf 85' lang='lat' dir='ltr'>talia</span> <span class='ocrx_word' id='word_1_195' title='bbox 530 3800 767 3884; x_wconf 87' lang='lat' dir='ltr'>haudquaquam</span> <span class='ocrx_word' id='word_1_196' title='bbox 783 3801 884 3866; x_wconf 91' lang='lat' dir='ltr'>aliena</span> <span class='ocrx_word' id='word_1_197' title='bbox 900 3799 1067 3878; x_wconf 87' lang='lat' dir='ltr'>fuerunt‚¹)</span> <span class='ocrx_word' id='word_1_198' title='bbox 1091 3816 1163 3861; x_wconf 91' lang='lat' dir='ltr'>cum</span> <span class='ocrx_word' id='word_1_199' title='bbox 1178 3798 1266 3861; x_wconf 83' lang='lat' dir='ltr'>Ana·</span> 
     </span>
    </p>
   </div>
   <div class='ocr_carea' id='block_1_8' title="bbox 193 3934 1265 4274">
    <p class='ocr_par' dir='ltr' id='par_1_8' title="bbox 193 3934 1265 4274">
     <span class='ocr_line' id='line_1_30' title="bbox 287 3934 1262 4010; baseline -0.007 -16"><span class='ocrx_word' id='word_1_200' title='bbox 287 3939 308 4008; x_wconf 86' lang='lat'>²)</span> <span class='ocrx_word' id='word_1_201' title='bbox 328 3939 409 4008; x_wconf 89' lang='lat' dir='ltr'>Resp.</span> <span class='ocrx_word' id='word_1_202' title='bbox 428 3939 529 4010; x_wconf 85' lang='lat' dir='ltr'>fragm.</span> <span class='ocrx_word' id='word_1_203' title='bbox 548 3943 573 4005; x_wconf 78' lang='lat'>2,</span> <span class='ocrx_word' id='word_1_204' title='bbox 588 3943 612 4009; x_wconf 88' lang='lat'>3,</span> <span class='ocrx_word' id='word_1_205' title='bbox 625 3941 649 4004; x_wconf 82' lang='grc'>4,</span> <span class='ocrx_word' id='word_1_206' title='bbox 663 3943 698 3995; x_wconf 78' lang='grc'>45</span> <span class='ocrx_word' id='word_1_207' title='bbox 718 3941 813 4010; x_wconf 78' lang='lat' dir='ltr'>(Bglr.)</span> <span class='ocrx_word' id='word_1_208' title='bbox 833 3947 862 3996; x_wconf 87' lang='lat' dir='ltr'>et</span> <span class='ocrx_word' id='word_1_209' title='bbox 881 3940 951 4008; x_wconf 88' lang='lat' dir='ltr'>quod</span> <span class='ocrx_word' id='word_1_210' title='bbox 970 3940 1043 3993; x_wconf 83' lang='lat' dir='ltr'>Max.</span> <span class='ocrx_word' id='word_1_211' title='bbox 1057 3937 1121 4002; x_wconf 76' lang='lat' dir='ltr'>Tyr.</span> <span class='ocrx_word' id='word_1_212' title='bbox 1134 3934 1227 3989; x_wconf 87' lang='lat' dir='ltr'>XXIV</span> <span class='ocrx_word' id='word_1_213' title='bbox 1246 3935 1262 3988; x_wconf 85' lang='lat'>9</span> 
     </span>
     <span class='ocr_line' id='line_1_31' title="bbox 195 4022 1265 4098; baseline -0.008 -18"><span class='ocrx_word' id='word_1_214' title='bbox 195 4025 230 4080; x_wconf 80' lang='lat' dir='ltr'>de</span> <span class='ocrx_word' id='word_1_215' title='bbox 254 4041 286 4081; x_wconf 83' lang='lat' dir='ltr'>ee</span> <span class='ocrx_word' id='word_1_216' title='bbox 309 4026 389 4082; x_wconf 83' lang='lat' dir='ltr'>dicit:</span> <span class='ocrx_word' id='word_1_217' title='bbox 415 4031 460 4078; x_wconf 81' lang='grc' dir='ltr'>καὶ</span> <span class='ocrx_word' id='word_1_218' title='bbox 484 4027 536 4097; x_wconf 85' lang='grc' dir='ltr'>γὰρ</span> <span class='ocrx_word' id='word_1_219' title='bbox 560 4027 675 4078; x_wconf 83' lang='grc' dir='ltr'><strong><em>πάντων</em></strong></span> <span class='ocrx_word' id='word_1_220' title='bbox 698 4027 744 4098; x_wconf 51' lang='lat' dir='ltr'>ipa:</span> <span class='ocrx_word' id='word_1_221' title='bbox 769 4027 828 4077; x_wconf 76' lang='grc' dir='ltr'>τῶν</span> <span class='ocrx_word' id='word_1_222' title='bbox 851 4023 942 4077; x_wconf 80' lang='grc' dir='ltr'><strong><em>καλῶν</em></strong></span> <span class='ocrx_word' id='word_1_223' title='bbox 961 4028 1005 4075; x_wconf 78' lang='grc' dir='ltr'>καὶ</span> <span class='ocrx_word' id='word_1_224' title='bbox 1023 4024 1127 4074; x_wconf 70' lang='grc' dir='ltr'><strong><em>ἔπαινοι</em></strong></span> <span class='ocrx_word' id='word_1_225' title='bbox 1145 4022 1265 4078; x_wconf 74' lang='grc' dir='ltr'><strong><em>πάντας.</em></strong></span> 
     </span>
     <span class='ocr_line' id='line_1_32' title="bbox 193 4107 1264 4186; baseline -0.003 -21"><span class='ocrx_word' id='word_1_226' title='bbox 193 4114 283 4170; x_wconf 76' lang='grc' dir='ltr'>μεστοὶ</span> <span class='ocrx_word' id='word_1_227' title='bbox 301 4113 330 4166; x_wconf 74' lang='lat' dir='ltr'>dl</span> <span class='ocrx_word' id='word_1_228' title='bbox 348 4115 434 4168; x_wconf 77' lang='grc' dir='ltr'><strong><em>αὐτοῦ</em></strong></span> <span class='ocrx_word' id='word_1_229' title='bbox 454 4115 489 4167; x_wconf 85' lang='grc' dir='ltr'>τὰ</span> <span class='ocrx_word' id='word_1_230' title='bbox 507 4114 616 4183; x_wconf 84' lang='grc' dir='ltr'><strong><em>ᾄσματα</em></strong></span> <span class='ocrx_word' id='word_1_231' title='bbox 635 4117 681 4181; x_wconf 77' lang='grc' dir='ltr'>τῆς</span> <span class='ocrx_word' id='word_1_232' title='bbox 700 4114 829 4186; x_wconf 76' lang='grc' dir='ltr'><strong><em>Σμέρδιος</em></strong></span> <span class='ocrx_word' id='word_1_233' title='bbox 848 4115 931 4181; x_wconf 75' lang='grc' dir='ltr'><strong><em>κόμης</em></strong></span> <span class='ocrx_word' id='word_1_234' title='bbox 948 4118 993 4164; x_wconf 77' lang='grc' dir='ltr'>καὶ</span> <span class='ocrx_word' id='word_1_235' title='bbox 1011 4113 1069 4162; x_wconf 80' lang='grc' dir='ltr'>τῶν</span> <span class='ocrx_word' id='word_1_236' title='bbox 1088 4107 1264 4176; x_wconf 77' lang='grc' dir='ltr'><strong><em>Κλεοβούλου</em></strong></span> 
     </span>
     <span class='ocr_line' id='line_1_33' title="bbox 195 4200 754 4274; baseline 0.011 -21"><span class='ocrx_word' id='word_1_237' title='bbox 195 4200 356 4272; x_wconf 74' lang='grc' dir='ltr'><strong><em>ὀφθαλμῶν</em></strong></span> <span class='ocrx_word' id='word_1_238' title='bbox 374 4206 483 4271; x_wconf 73' lang='grc' dir='ltr'><strong><em>καὶτῆς</em></strong></span> <span class='ocrx_word' id='word_1_239' title='bbox 502 4202 654 4256; x_wconf 81' lang='grc' dir='ltr'><strong><em>Βαθύλλου</em></strong></span> <span class='ocrx_word' id='word_1_240' title='bbox 674 4203 754 4274; x_wconf 70' lang='grc' dir='ltr'><strong><em>(δρας.</em></strong></span> 
     </span>
    </p>
   </div>
   <div class='ocr_carea' id='block_1_9' title="bbox 0 0 1472 4882">
    <p class='ocr_par' dir='ltr' id='par_1_9' title="bbox 0 0 1472 4882">
     <span class='ocr_line' id='line_1_34' title="bbox 0 0 1472 4882; baseline 0 1"><span class='ocrx_word' id='word_1_241' title='bbox 0 0 1472 4882; x_wconf 95' lang='lat' dir='ltr'> </span> 
     </span>
    </p>
   </div>
  </div>
 </body>
</html>
