2934 4882
232 1380 253 1466 ᾗ
277 1380 306 1446 l.
343 1360 607 1448 Convivalem‘
630 1398 750 1445 usum
775 1380 889 1447 eain
913 1381 1054 1463 quibus
1080 1363 1239 1466 Cyrnus

497 1483 728 1570 appellatur
752 1486 974 1555 subierunt.

291 1648 325 1710 In
341 1647 441 1731 primo
458 1645 598 1710 evineere
613 1647 748 1710 oonabor
763 1647 957 1712 convivalem
972 1667 1062 1712 nsum
1079 1667 1116 1712 ea
1133 1649 1270 1713 earmina

201 1743 347 1815 habuisse
371 1750 481 1833 quibus
497 1749 590 1832 Cyrni
613 1749 780 1832 appellatio
801 1752 918 1816 inserta
935 1755 992 1820 est.
1024 1753 1150 1819 Duabus
1165 1757 1270 1820 autem

201 1857 374 1921 rationibus
397 1857 475 1922 illud
499 1857 640 1940 intellegi
661 1859 775 1940 potest,
800 1855 931 1943 quarum
946 1860 1055 1942 altera,
1068 1840 1173 1944 ⁴quam
1189 1882 1270 1927 nune

201 1948 490 2041 animadvertimus,
504 1983 540 2029 ea
552 1966 601 2029 est
612 1967 649 2028 ut
660 1966 758 2048 ipsius
767 1966 956 2050 Theognidis
970 1967 1051 2033 dieta
1065 1969 1269 2034 observemus.

201 2070 261 2148 Qui
284 2071 329 2136 ita
351 2071 489 2154 loquitur
513 2070 649 2154 Cyrnum
673 2071 832 2154 appellans
855 2073 968 2138 iudea
991 2092 1082 2139 versu
1105 2077 1186 2144 239:

335 2197 449 2278 θοίνῃς
474 2192 505 2256 δὲ
529 2194 584 2255 καὶ
607 2191 791 2277 εἰλαπίνῃσι
814 2199 959 2279 παρέσσῃ

333 2296 365 2360 ἐν
389 2297 520 2373 πάσαις,
545 2297 675 2359 πολλῶν
696 2302 837 2377 κείμενος
859 2296 892 2360 ἕν
915 2298 1086 2378 στόμασιν·

289 2407 344 2465 καί
368 2425 402 2465 σε
425 2403 482 2466 σύν
505 2397 684 2465 αὐλίσκοισι
708 2401 942 2486 λιγαφθόγγοις
965 2409 1029 2466 νέοι
1053 2401 1162 2488 ἄνδρες

334 2504 366 2571 ἕν
389 2505 509 2590 κώμοις
531 2504 657 2593 ἐρατοῖς
680 2505 762 2571 καλά
785 2532 819 2572 τε
843 2509 897 2570 καὶ
919 2509 1011 2592 λιγέα

289 2611 429 2700 ᾅσονναι.

200 2722 294 2785 Posui
308 2722 386 2786 haee
403 2722 486 2786 sieut
501 2720 581 2804 apud
599 2721 768 2804 Bergkium
784 2723 815 2786 in
833 2725 944 2805 quarta
960 2726 1041 2806 poet.
1059 2721 1117 2805 lyr.
1135 2723 1269 2790 editione

199 2829 332 2905 exstant,
356 2827 388 2891 id
412 2829 461 2891 est
483 2827 609 2909 recepta
626 2827 773 2891 Brunokii
796 2828 973 2893 coniectura
996 2847 1056 2910 qua
1071 2848 1127 2912 pro
1143 2832 1268 2895 traditis

198 2932 301 2996 verbis
325 2926 489 3013 εὐκόσμως
511 2927 620 3016 ἐρατοῖ
644 2952 671 3000 v.
694 2935 758 3001 242
783 2932 929 2996 scribitur
952 2928 984 2994 ἕν
1000 2930 1118 3013 κώμοις
1134 2929 1265 3017 ἐρατοῖς,

198 3036 301 3120 Quam
315 3039 381 3103 sive
393 3039 571 3120 probaveris
584 3039 649 3104 sive
661 3039 814 3115 reieceris,
827 3040 956 3103 -mihi
968 3042 1073 3104 autem
1086 3040 1266 3126 p1·obatur¹)

197 3144 287 3208 -de
300 3145 441 3208 sentibus
454 3143 665 3209 convivalibus
675 3145 731 3209 hoe
743 3146 810 3210 loeo
819 3146 913 3209 verba
921 3144 989 3209 fieri
1000 3144 1266 3210 evidentissimum

198 3252 255 3312 est.
302 3252 344 3314 Ut
368 3251 450 3314 enim
473 3268 531 3314 vor
554 3251 656 3328 κῶμος
678 3252 764 3315 reete
787 3249 951 3327 inferatur,
977 3251 1013 3314 de
1036 3251 1104 3334 ipso
1128 3253 1266 3318 convivio

198 3378 266 3423 eam
297 3359 341 3421 ibi
372 3358 505 3440 accipies
535 3376 659 3422 neeesse
692 3358 760 3431 erit,
792 3358 836 3422 ita
868 3360 903 3422 ut
932 3357 1016 3422 idem
1049 3356 1151 3422 valeat
1174 3359 1266 3439 atque

198 3469 309 3527 deirae
332 3463 386 3526 καὶ
409 3458 583 3536 εἰλαπίναι,
609 3483 685 3547 quae
709 3483 801 3547 supra
825 3464 909 3528 diota
925 3466 1056 3529 exstant.
1090 3463 1157 3542 Quo
1174 3482 1266 3528 sensu

197 3572 229 3634 et
252 3589 343 3635 versu
368 3570 432 3638 829
457 3589 486 3651 q.
511 3587 536 3632 e.

197 3715 408 3722 -——-——

288 3799 308 3868 ¹)
323 3799 400 3865 Quod
413 3798 484 3853 enini
498 3798 628 3854 adverbia
640 3796 780 3863 εὐκόσμως
793 3802 821 3853 et
835 3793 903 3847 καλά
917 3814 946 3846 τε
960 3800 1003 3846 καὶ
1014 3794 1087 3866 λιγέα
1099 3796 1157 3850 sine
1168 3796 1266 3863 copula

196 3887 283 3942 eidem
309 3887 452 3942 enuntiato
471 3887 641 3953 inseruntur,
668 3886 763 3942 dubito
784 3903 818 3940 an
837 3888 904 3941 haee
923 3885 995 3939 ratio
1015 3885 1144 3954 exemplis
1163 3884 1265 3939 firmari

194 3992 249 4030 non
268 3975 362 4043 possit.
395 3975 507 4043 Aliquid
525 3977 622 4032 deinde
641 3983 670 4031 et
689 3975 714 4031 ei
733 3974 773 4030 rei
793 3974 936 4030 tribuerim
955 3975 1027 4041 quod
1046 3975 1132 4040 κῶμοι
1146 3973 1264 4028 Pindaro

195 4070 329 4118 vocantur
352 4064 442 4134 ἐρατοί
460 4061 569 4133 (Isthm.
589 4065 614 4130 2,
628 4065 673 4134 31)
699 4062 819 4130 itemquo
845 4061 982 4128 συμπόσια
1001 4051 1161 4130 Bacchylidi
1182 4059 1265 4131 ἐρατοῖ

196 4151 245 4220 (fr.
265 4155 308 4220 13,
328 4155 362 4207 10
381 4153 475 4222 ng.).
