2934 4882
264 489 280 556 3
300 487 343 542 17.
372 486 511 555 Quomodo
531 484 654 541 accidere
672 484 803 553 potuerit,
823 489 855 539 ut
872 489 969 539 nostra
987 484 1093 552 sylloge
1112 488 1164 538 etc.
1213 486 1253 549 75

184 666 244 733 loci
269 666 405 746 voshgia
429 664 580 729 eluceant.
627 664 662 728 In
686 663 806 746 quibus,
831 665 867 728 nt
890 664 1131 729 consentaneum
1155 664 1203 727 est
1221 663 1254 726 in

186 772 377 838 carminibus
412 771 543 850 Atticis,
583 770 719 853 primum
753 769 792 834 ad
826 769 1014 846 Minervam,
1049 769 1184 834 alterum
1215 767 1254 832 ad

187 880 331 946 Cererem
348 882 380 944 et
396 879 613 962 Proserpinam
633 878 778 961 pertinet.
812 876 953 955 Quocum
968 876 996 940 si
1011 874 1151 941 conferre
1167 874 1254 951 velis,

188 987 270 1070 quod
295 990 418 1052 nostrae
443 1006 467 1051 3.
486 1003 592 1051 131333
609 987 740 1052 11-14
757 983 891 1048 Dianam
909 1002 978 1048 eam
993 983 1163 1066 respiciunt
1178 1000 1255 1065 quae

186 1094 323 1177 Megaris
354 1094 460 1158 sedem
492 1093 671 1174 cultumque
699 1091 817 1168 hahuit,
842 1088 1022 1172 Apollinem
1045 1105 1173 1171 quoque,
1206 1088 1256 1152 cui

186 1200 290 1265 decem
321 1220 430 1266 versus
463 1198 600 1264 initiales
623 1200 748 1263 nostrae
772 1217 796 1262 s.
822 1196 955 1261 dedicati
979 1194 1092 1278 sunt,¹)
1124 1194 1162 1258 oh
1187 1213 1256 1258 eam

186 1307 385 1390 potissimum
408 1326 535 1372 causam
550 1304 763 1388 principaliter
778 1305 822 1369 ibi
838 1304 974 1369 invocari
990 1299 1254 1367 verisimillimum

185 1412 232 1488 fit,
245 1414 316 1496 quia
328 1414 475 1495 patronus
487 1411 548 1475 1313
561 1413 594 1474 33
606 1410 745 1476 33311331
759 1410 825 1475 3133
837 1409 923 1473 311113
934 1406 1089 1493 (3311131.
1101 1410 1165 1474 773
1178 1425 1254 1490 sqq,

189 1519 252 1585 759
267 1519 359 1600 sqq).
407 1517 490 1580 Num
515 1517 609 1581 eiam
634 1517 690 1580 hos
713 1535 820 1581 versus
844 1516 895 1599 qui
920 1515 1097 1599 Apollinem
1120 1513 1256 1578 attinent

186 1622 343 1704 Theognis
359 1621 517 1685 condidit?
550 1621 648 1685 Nobis
664 1620 742 1684 nihil
759 1619 843 1684 aliud
856 1624 985 1704 apparet
997 1622 1057 1685 nisi
1069 1621 1255 1685 Isthmiacae

187 1728 272 1792 urbis
295 1729 434 1793 earmina
455 1726 631 1792 convivalia
645 1730 752 1792 nostra
768 1727 888 1811 sylloge
905 1729 1066 1802 contineri,
1090 1728 1256 1809 siquidem

183 1836 342 1917 prooemia
366 1853 433 1899 eam
458 1833 616 1902 denotant.

275 1941 485 2006 Attendamus
509 1941 587 2005 illud
611 1960 742 2024 quoque,
767 1941 846 2024 quod
866 1940 947 2006 nihil
963 1959 998 2004 ox
1014 1939 1255 2019 SoloneMim-

187 2064 304 2124 nermo,
328 2047 463 2130 Tyrtaeo
489 2047 703 2131 depromptum
727 2050 776 2113 333
799 2067 860 2130 quo
883 2048 985 2113 aliena
1008 2048 1112 2112 studia
1132 2046 1256 2111 333131-

189 2152 264 2215 tatis
288 2151 418 2216 alicuius
442 2170 520 2234 quae
545 2171 563 2215 a
578 2152 717 2234 Megaris
734 2152 856 2217 diversa
872 2151 968 2217 fuerit
983 2172 1032 2216 133
1048 2152 1254 2216 illustrentur.

187 2255 276 2320 Nihil
310 2257 408 2339 igitur
444 2276 480 2320 ex
504 2256 626 2322 Solonis
662 2255 715 2320 illo
750 2256 832 2320 haud
864 2256 996 2339 ignobili
1031 2257 1167 2320 carmine
1196 2275 1255 2339 quo

189 2362 393 2427 Athenienses
416 2362 614 2427 remittentes
639 2364 671 2424 et
693 2362 864 2426 certamine
887 2360 985 2425 fessos
1008 2380 1115 2424 rursus
1131 2359 1195 2434 ille,
1219 2364 1256 2424 nt

188 2469 346 2535 Salamina
370 2471 591 2553 expugnarent,
617 2468 816 2533 excitaverat.
856 2469 952 2551 Atqui
975 2486 1109 2549 aequum
1133 2466 1254 2530 313313

186 2594 271 2640 13313
295 2574 451 2657 elegiacae
475 2577 578 2658 poesis
603 2574 765 2657 florilegio,
789 2576 826 2637 ut
848 2574 925 2638 talia
947 2575 1135 2656 ponerentur
1149 2572 1254 2654 potius

187 2700 280 2764 quam
302 2682 421 2746 ludicra
437 2680 493 2746 1113
508 2684 601 2765 atque
618 2681 768 2746 obscaena
784 2700 862 2764 quae
879 2681 1115 2763 haudquaquam
1132 2679 1253 2744 absunt.

277 2787 400 2852 Dixerit
433 2788 545 2870 aliquis
579 2789 675 2853 etiam
711 2787 773 2853 alia
807 2786 875 2852 loca
909 2789 1033 2870 praeter
1056 2787 1254 2851 Isthmiacum

189 2892 391 2977 Megarorum
414 2895 522 2959 urbem
538 2896 571 2960 in
587 2899 693 2961 nostra
708 2914 733 2959 3.
752 2894 919 2978 designari.
959 2893 1044 2972 Quae
1060 2913 1120 2977 qua
1135 2893 1255 2958 rationo

187 2999 388 3083 designentur
411 3001 590 3083 intelligere
613 3021 669 3085 par
693 3005 750 3081 est,
778 3001 960 3084 priusquam
986 3001 1123 3082 Megaris
1147 3018 1199 3064 eas
1222 2999 1255 3061 in

186 3106 327 3170 convivio
344 3106 395 3169 edi
408 3107 547 3188 potuisse
560 3107 701 3188 negetur.
727 3105 894 3184 Quaeritur
909 3106 1015 3188 igitur,
1028 3125 1102 3168 num
1116 3105 1255 3169 versibus

188 3211 342 3276 879-84
366 3213 400 3272 33
424 3212 599 3278 1209-10
613 3230 649 3275 33
673 3229 750 3293 quac
774 3211 942 3280 statuimus
964 3209 1121 3278 labefiant.
1167 3209 1255 3279 Alios

187 3314 269 3379 enim
285 3313 368 3378 locos
385 3313 488 3378 nullos
505 3334 647 3398 agnosco,
664 3317 776 3399 quibus
792 3316 894 3381 ahena
904 3314 973 3380 loca
984 3316 1030 3380 ita
1042 3315 1254 3396 designentur,

186 3422 222 3483 ut
244 3423 379 3502 poetam,
403 3419 476 3483 dum
501 3439 537 3484 ea
560 3421 654 3486 verba
677 3424 894 3500 enuntiaverit,
919 3423 1058 3504 Megaris
1081 3440 1141 3486 non
1159 3419 1254 3486 131333

186 3543 259 3590 3313
282 3524 386 3607 aliqua
408 3524 636 3608 probabilitatis
660 3529 762 3610 333313
785 3527 971 3594 3333331313
986 3528 1095 3611 333313,
1119 3528 1255 3592 vanissi-

185 3649 330 3714 mumqnc
354 3632 432 3694 mihi
456 3630 577 3696 videtur
601 3633 681 3714 quod
705 3632 854 3698 Sitzlerus
878 3634 1081 3716 (Theognidis
1104 3634 1255 3718 reliquiae

279 3825 302 3893 ¹)
328 3826 464 3881 Constant
492 3829 586 3878 autem
614 3824 710 3879 duobis
739 3827 854 3894 hymnis,
882 3842 950 3894 quos
978 3829 1049 3896 quod
1077 3827 1199 3883 Hillarus
1225 3826 1255 3881 in

185 3922 287 3980 quarta
300 3915 414 3969 Anthol.
428 3914 493 3983 Lyr.
513 3912 634 3969 editione
652 3912 781 3982 seiunxit,
801 3914 868 3969 benc
886 3914 955 3969 fecit
972 3932 1033 3970 mea
1052 3915 1185 3985 opinione.
1216 3916 1255 3970 Ut

185 4000 256 4055 enim
283 4017 300 4055 3
317 4003 409 4058 verbis
435 4004 519 4069 Φοῖβε
539 3996 623 4065 ion&
643 4018 713 4070 qnae
739 4002 830 4070 quinti
849 4003 977 4059 versiculi
995 4005 1116 4060 initialia
1134 4010 1254 4070 exstant,

185 4105 283 4143 novam
309 4091 423 4159 eclogen
448 4091 567 4159 incipero
592 4098 804 4147 consentaneum
829 4098 880 4159 est,
905 4091 948 4147 133
973 4094 1045 4148 haud
1065 4093 1146 4148 dubie
1164 4092 1254 4148 verbis

185 4175 217 4227 cb
236 4172 264 4228 δέ
282 4197 329 4241 μοι
347 4175 430 4230 κλῦθι
449 4184 492 4231 καὶ
511 4179 599 4233 ἐσθλὰ
616 4177 692 4234 δίδου
711 4181 787 4250 31131
805 4183 920 4251 hymnus
939 4181 1120 4238 concluditur.
