2934 4882
188 459 230 524 80
276 458 292 524 {t
311 457 353 511 17.
381 455 519 524 Quomodo
538 453 661 509 accidere
679 452 813 521 potuerit,
831 457 865 506 nt
882 457 980 506 nostra
997 452 1105 521 sylloge
1126 457 1182 506 etc.

188 637 295 700 nostra
311 634 429 698 ratione
447 651 514 698 eam
538 632 723 697 seutmtiam
741 630 934 714 opponimus,
957 633 1002 707 ut,
1027 631 1267 721 cumcontinuo

189 760 246 805 usu
270 742 347 805 haec
371 739 555 815 evenissent,
579 737 739 821 potoribus
762 739 829 801 tum
845 737 1055 818 antiquiorem
1071 738 1140 800 tum
1156 756 1268 801 recen·
1324 757 1327 762 ·

189 847 301 911 tiorem
333 845 459 910 modum
492 844 644 928 placuisse
675 843 907 909 contendamus.
955 840 1155 907 Convivalem
1179 843 1267 907 enim

190 953 269 1017 hanc
299 952 417 1035 poesim
449 952 647 1033 agnoscimus
678 953 810 1032 atquae
834 948 942 1014 eodem
966 946 1033 1014 loco
1056 949 1089 1012 in
1112 967 1171 1013 usu
1196 967 1266 1012 esse

189 1077 350 1141 nunquam
379 1057 516 1144 desierit,
547 1057 644 1122 donec
667 1055 814 1121 cantandi
837 1074 905 1120 mos
928 1053 1097 1119 convivalis
1121 1056 1266 1119 servatus

189 1166 239 1230 sit.
288 1163 374 1242 Quae
405 1164 560 1228 sententia
592 1164 704 1246 quibus
734 1162 905 1227 rationibus
928 1163 1064 1232 constet,
1096 1164 1133 1226 ut
1155 1180 1265 1225 rursus
1302 1204 1306 1209 -

190 1290 271 1335 nuuc
294 1269 399 1354 aliquo
423 1269 569 1351 exemplo
586 1267 790 1343 illustremus,
814 1268 873 1331 boc
895 1266 988 1331 liceat
1010 1264 1140 1330 addere:

184 1367 226 1431 ⁴
280 1376 427 1442 Dubitari
455 1376 505 1440 vix
532 1375 658 1458 poterit,
688 1375 760 1457 quin
785 1375 817 1437 in
841 1373 981 1437 versibus
1004 1373 1159 1439 213—18
1184 1391 1215 1453 q.
1239 1391 1264 1438 s.
1354 1437 1360 1447 ,

233 1476 236 1484 ’
280 1476 387 1567 Κύρνε,
413 1482 529 1565 φίλους
552 1479 636 1543 κάτα
660 1477 786 1555 πάντας
808 1476 979 1563 ἐπίστρεφε
1003 1477 1150 1541 ποικίλαν
1173 1467 1266 1562 ἦθος

324 1584 418 1674 ὀργὴν
441 1591 626 1669 συμμίσγων
650 1582 746 1672 ἥντιν’
770 1583 903 1661 ’ἕκαστος
925 1582 1000 1664 ἔχει.

281 1693 454 1758 Ηουλάπου
478 1689 576 1778 ὀργὴν
598 1691 670 1772 ἴσχε
693 1690 911 1765 πολυπλόκου,
936 1687 971 1766 ὃς
994 1689 1072 1754 ποτὶ
1094 1693 1199 1774 πέτρῃ

324 1805 363 1884 τῇ
385 1784 615 1885 προσομιλήσῃ,
640 1810 726 1875 τοῖος
752 1797 829 1862 ἰδεῖν
851 1795 961 1884 ἐφάνη.

281 1912 334 1968 νῦν
355 1905 413 1986 μέν
436 1903 502 1988 τῇὸ)
526 1902 660 1988 ἐφέπου,
685 1905 757 1968 τοτέ
780 1900 808 1967 δ’
828 1901 954 1981 άλλοῖος
975 1900 1055 1986 χρόα
1076 1904 1176 1982 γίνου.

325 2016 462 2095 κρέσσων
486 2033 535 2074 τοι
559 2015 657 2096 σοφίη
680 2015 802 2093 γίνεται
825 2007 981 2097 ἀτροπίης

191 2114 276 2198 prior
307 2116 408 2178 status
441 2116 531 2180 nobis
562 2116 821 2199 deprehendatur,
845 2118 996 2201 posterior
1017 2132 1089 2179 vero
1113 2114 1168 2196 qui
1190 2114 1268 2178 inde

192 2222 330 2286 evenerit
354 2223 494 2287 versibus
520 2227 695 2292 1071—74
711 2245 741 2307 q.
755 2244 779 2288 s.

283 2324 392 2411 Κύρνε,
421 2329 536 2415 φίλους
559 2330 642 2414 πρὸς
665 2329 794 2405 πάντας
816 2326 990 2414 ἐπίστρεφε
1012 2325 1158 2391 ποικίλον
1182 2316 1269 2411 ἦθος

327 2439 511 2517 συμμίσγων
534 2430 627 2521 ὀργὴν
650 2430 718 2511 οἶος
734 2431 871 2511 Ιἕκαστος
892 2433 972 2520 ἐφυ.

184 2594 190 2606 .
282 2545 337 2602 νῦν
359 2540 416 2621 μὲν
439 2539 511 2626 τῷδ’
537 2539 669 2628 ἐφέπου,
694 2542 766 2606 τοτὲ
790 2537 818 2605 δ’
834 2537 965 2616 άλλυῖος
988 2538 1086 2602 πέλευ
1109 2534 1227 2622 ὀργήν

327 2651 478 2729 κρείσσων
500 2671 551 2711 τοι
575 2652 671 2733 σοφίη
695 2649 749 2711 καὶ
771 2647 915 2733 μεγάλης
937 2641 1056 2731 άρετης.

193 2754 278 2816 luest
302 2757 408 2816 autem
432 2756 506 2818 nota
529 2755 680 2836 quaedam
703 2756 734 2818 in
758 2755 979 2820 recentioribus
1003 2754 1061 2828 bis,
1094 2749 1175 2814 unde
1198 2750 1267 2812 iam

193 2859 316 2939 potores
352 2860 473 2922 nostros
507 2861 714 2941 agnoscimus,
753 2880 772 2924 a
806 2862 919 2944 quibus
954 2879 991 2924 ea
1025 2876 1102 2941 quae
1136 2857 1169 2919 in
1205 2874 1265 2918 usu

196 2963 360 3028 habuerint
383 2965 414 3027 in
439 2985 508 3029 eum
532 2966 657 3030 modum
674 2967 794 3032 variata
811 2971 843 3032 et
858 2967 999 3032 breviata
1015 2965 1086 3030 sint.
1127 2962 1267 3026 Virtutis

195 3069 278 3133 enim
301 3070 348 3135 ita
371 3072 489 3136 mentio
512 3070 549 3136 fic
573 3093 600 3136 v.
617 3075 712 3150 1074,
736 3081 772 3136 ut
797 3074 852 3138 hos
874 3091 980 3137 versus
996 3071 1041 3135 ibi
1057 3067 1179 3133 auditos
1195 3085 1267 3130 esse

195 3176 375 3247 concludere
400 3176 522 3253 debeas,
551 3177 605 3242 ubi
628 3178 799 3261 antiquitus
822 3177 950 3240 virtutis
973 3175 1073 3239 cultus
1097 3171 1266 3237 exstiterit.

195 3285 315 3365 ltaque,
339 3282 399 3346 etsi
423 3281 601 3346 lasciviores
626 3285 658 3345 et
682 3284 784 3346 minus
808 3281 908 3346 severi
930 3280 1050 3361 ingenii
1072 3277 1120 3341 illi
1138 3275 1268 3340 morunt

196 3391 250 3472 qui
282 3390 414 3470 posteris
438 3389 628 3471 temporibus
652 3390 728 3453 haec
752 3389 941 3463 necaverint,
973 3388 1005 3450 in
1029 3385 1139 3469 quibus
1163 3385 1269 3465 minor

196 3496 259 3560 iam
295 3496 420 3559 virtutis
451 3496 625 3560 reverentia
656 3498 793 3579 apparet,
827 3495 895 3559 fieri
926 3498 1030 3559 tamen
1055 3511 1113 3557 non
1137 3491 1268 3573 poterit,

197 3602 270 3682 quin
301 3595 482 3683 participes
500 3603 533 3664 et
563 3601 635 3665 illos
667 3601 764 3666 fuisse
796 3604 942 3685 putemus
966 3597 1117 3663 eiusmodi
1140 3595 1270 3678 collegii

197 3705 277 3790 quod
297 3706 329 3769 in
344 3705 471 3770 virtutis
487 3705 574 3770 cultu
591 3708 747 3771 versatum
763 3709 814 3773 sit.
855 3706 994 3785 Quocum
1011 3704 1161 3782 conferas,
1185 3700 1270 3783 quod

196 3832 289 3896 supra
313 3813 360 3898 (p.
377 3813 523 3897 25-27)
554 3812 616 3877 tale
645 3813 812 3896 collegium
842 3814 1035 3895 agnovimus,
1069 3808 1150 3892 quod
1183 3807 1270 3871 idem

197 3919 357 3985 convivale
380 3918 477 3984 fuisse
500 3919 687 3984 intellexisse
711 3920 800 3985 nobis
823 3918 975 3984 videmur.

625 4133 836 4159 -—⁴·0·*—
