2934 4882
225 482 267 545 40
374 480 390 546 ἕ
409 479 435 532 9.
464 478 567 533 Versus
586 476 633 545 qui
651 476 792 545 pertinent
811 478 845 532 ad
864 476 995 545 puerilem
1015 491 1142 531 amorem.

225 659 383 722 creontem
415 657 512 722 etiam
543 655 750 722 convivalium
781 656 914 721 manime
938 656 1109 721 carminum
1132 658 1293 734 auctorem

224 762 321 828 fnisse
360 763 544 828 credendum
583 764 634 828 sit.
693 762 790 841 Quem
830 781 891 827 una
925 782 996 828 cum
1032 761 1162 841 Alcaeo,
1194 780 1292 846 quem

224 868 414 936 convivalem
451 872 575 953 poetam
607 871 625 952 θ
652 873 673 936 4
705 871 738 934 et
768 871 789 937 7
827 869 1027 952 agnovimus,
1068 868 1294 950 Aristophanes

224 977 379 1041 memorat
406 994 454 1058 ap.
472 976 587 1041 Athen.
604 976 662 1040 XV
685 996 715 1059 p.
733 977 831 1056 oola,
865 978 900 1041 ut
928 978 1037 1058 poetas
1067 976 1209 1058 designet
1240 974 1293 1057 qui

225 1081 303 1148 clari
335 1081 452 1148 fuerint
481 1082 514 1146 in
544 1082 629 1165 poesi
657 1083 832 1149 scoliorum.
880 1081 1023 1160 Quocum
1045 1082 1189 1148 convenit
1206 1079 1292 1164 quod

225 1190 411 1274 symposieci
433 1209 482 1254 vv.
508 1190 604 1254 etiam
627 1190 666 1255 ab
691 1190 757 1254 eius
781 1188 966 1272 fragmentis
989 1190 1119 1254 minime
1135 1187 1291 1266 absunt.¹)

225 1295 424 1362 convivalem
445 1295 575 1379 denique
592 1295 658 1361 eius
674 1297 775 1379 poesis
792 1296 946 1361 rationem
962 1296 1159 1380 apertissime
1175 1294 1293 1360 Critiae

225 1400 299 1471 fri
322 1401 432 1487 (ng.)
456 1402 490 1466 hi
516 1421 620 1467 versus
643 1401 677 1487 (5
692 1408 772 1486 sqq.)
796 1403 958 1485 detegunt:
1028 1387 1031 1392 ⁴

240 1540 242 1543 ·
314 1504 351 1571 od
374 1513 456 1572 ποτέ
478 1527 534 1571 σου
558 1499 693 1595 φιλότης
715 1506 888 1595 γηράσεται
911 1504 983 1572 οὐδὲ
1005 1512 1168 1581 θανεῖται,

313 1610 378 1680 ἔστ’
411 1610 450 1678 ἂν
472 1611 559 1698 ὕδωρ
583 1613 658 1698 οἴνῳ
682 1614 935 1698 συμμιγνύμενον
957 1616 1136 1679 κυλίκεσσιν

313 1732 394 1798 παῖς
417 1719 634 1807 διαπομπεύῃ,
659 1719 837 1806 προπόσεις
860 1718 1007 1802 ἐπιδέξια
1031 1721 1150 1802 νωμῶν,
1175 1721 1242 1784 κτλ.

225 1828 344 1907 Quibus
374 1827 451 1893 adde
480 1829 579 1910 ipsius
607 1830 810 1893 Anacreontis
841 1829 899 1893 hos
921 1848 982 1905 vv.‚
1014 1829 1093 1911 apud
1116 1829 1231 1893 Athen.
1248 1827 1294 1891 XI

225 1955 253 2018 p.
269 1936 359 2003 463'a
383 1936 533 2012 servatos,
557 1936 593 1998 ut
616 1935 649 1998 et
671 1933 845 2000 convivalia
868 1935 1006 2000 carmina
1029 1954 1108 2018 quae
1130 1936 1163 1999 in
1178 1933 1295 2017 puerili

226 2058 330 2106 amore
365 2042 488 2104 versatu
523 2040 587 2104 sint
619 2039 715 2124 (conf.
732 2039 936 2124 fragmenta)
967 2059 1038 2106 eum
1071 2040 1202 2114 edidisse
1234 2040 1294 2105 tibi

225 2145 425 2227 persuadeas:
548 2193 549 2196 ,
966 2141 969 2144 ’

318 2245 361 2313 Οό
383 2251 494 2335 φιλέω,
520 2249 554 2328 ὃς
577 2255 707 2338 κρητῆρι
729 2253 820 2332 παρὰ
843 2253 933 2337 πλέην
958 2250 1173 2333 οἰνοποτάζων

358 2360 461 2420 νείκεα
484 2357 539 2419 καὶ
562 2355 704 2438 πόλεμον
727 2355 921 2441 δακρυόεντα
943 2358 1036 2439 λέγει,

314 2458 382 2526 ἀλλ’
415 2459 503 2540 ὅστις
537 2469 690 2528 Μουσέων
719 2487 754 2527 τε
784 2465 838 2527 καὶ
869 2459 977 2547 οἷγλαδ
1005 2459 1079 2548 δῶρ’
1105 2458 1296 2550 Ἀφροδίτης

358 2574 543 2652 συμμίσγων
566 2567 677 2655 ἐρατης
698 2568 871 2656 μνήσκεται
893 2565 1097 2656 εὐφροσύνης.

314 2677 423 2759 Itaque
451 2670 531 2740 nihil
553 2676 755 2741 verisimilius
780 2680 828 2741 est
851 2697 943 2761 quam
966 2680 1002 2741 ut
1024 2678 1149 2742 nostrae
1173 2695 1296 2760 quoque

226 2781 360 2866 sylloges
392 2801 499 2847 versus
531 2783 675 2847 amatorii
698 2784 753 2847 isti
784 2803 876 2849 usum
900 2785 1065 2849 habuerint
1087 2783 1294 2849 convivalem.

226 2886 433 2953 Confirmatur
463 2889 569 2953 autem
599 2888 675 2952 illud
707 2909 855 2973 perquam
886 2892 1023 2974 graviter
1054 2894 1086 2955 ct
1114 2890 1195 2955 haud
1218 2909 1297 2954 con·
1374 2970 1376 2974 μ

225 2994 426 3059 temnendum
457 2995 489 3058 in
519 2994 645 3060 modum
675 2999 802 3078 paterae
834 2996 943 3061 fictilis
973 2997 1103 3062 alicuius
1127 2998 1160 3061 et
1182 2995 1299 3078 figuris

224 3101 325 3166 rubris
337 3101 490 3167 coloratae
502 3102 649 3185 imagine,
663 3123 756 3186 quam
767 3104 887 3186 primus
896 3105 931 3170 U.
943 3102 1097 3169 Kohlerus
1105 3100 1299 3186 adhibuit-⁹)

225 3205 276 3276 Ibi
300 3207 382 3271 enim
406 3207 454 3272 vir
478 3209 527 3272 cui
549 3209 635 3291 lepos
650 3209 805 3273 mulcetur
832 3247 868 3255 -
894 3208 1060 3274 intercedit
1075 3213 1180 3273 aulem
1195 3207 1300 3291 lepori

225 3306 341 3398 aliquid
368 3334 438 3379 cum
465 3314 578 3396 puerili
601 3334 705 3381 amore
730 3353 771 3362 -
796 3316 875 3381 lecto
903 3317 935 3379 in
961 3313 1116 3381 convivali
1140 3314 1302 3379 accubans

224 3411 411 3503 conspicitur
442 3423 534 3503 atque
563 3439 615 3486 ore
638 3421 729 3486 valde
753 3423 853 3487 hianti
875 3424 969 3487 verba
992 3422 1085 3486 edens
1109 3409 1135 3482 ὦ
1165 3419 1303 3483 παίδοιν

224 3523 383 3601 κάλλιστε,
408 3544 486 3609 quae
509 3527 636 3591 initium
661 3527 779 3593 iaciunt
801 3548 947 3594 versuum
969 3529 1142 3598 leot-66
1166 3529 1301 3593 nostrae

225 3630 413 3713 appendicis.
461 3633 522 3710 Qui
553 3652 660 3698 versus
691 3637 796 3699 utrum
828 3636 1049 3719 a'iheognide
1072 3632 1207 3718 profecti
1231 3635 1302 3700 sint
1338 3632 1344 3644 '

126 3743 129 3751 '
225 3755 320 3802 necne
355 3738 433 3801 scire
467 3758 547 3804 nune
577 3758 637 3805 non
670 3740 787 3819 laboro,
823 3743 945 3807 tantam
978 3741 1148 3818 affirmans,
1183 3741 1301 3806 cosin

316 4001 342 4070 ¹)
359 4000 441 4069 Resp.
460 4002 560 4072 fragm.
580 4005 623 4068 53,
643 4005 686 4073 ul,
706 4005 748 4073 62,
768 4006 802 4060 63
821 4007 930 4074 (ng.).

315 4087 339 4158 ⁹)
358 4089 469 4144 Mitteil.
489 4091 515 4147 d.
534 4092 659 4148 deutsch.
678 4093 796 4148 archtol.
817 4093 950 4150 Instituta
975 4094 1004 4150 in
1022 4093 1115 4154 Athen
1134 4091 1176 4148 IX
1196 4093 1303 4166 (1884)

224 4190 250 4242 p.
272 4179 284 4230 l
305 4193 371 4245 sqq„
390 4178 447 4233 tab.
469 4181 493 4236 1.
