2934 4882
247 464 289 530 68
335 464 352 530 g
371 461 413 516 17.
441 459 579 527 Quomodo
599 455 722 512 accidere
740 453 872 523 potnerit,
891 457 924 507 ut
941 456 1038 507 nostra
1056 449 1162 519 sylloge
1182 454 1236 504 cte.

202 711 212 730 ·
337 641 530 703 nardulum
553 645 656 722 χοριῦν
679 633 789 720 ἰαχῇσλ
812 657 847 698 τε
869 631 924 698 σδν
946 631 1022 716 περὶ
1043 629 1170 714 βωμόν·

381 733 402 829 ἦ
425 742 486 829 γὰρ
509 743 607 826 ἔγωγε
631 736 745 807 δέδοικ’
768 736 929 826 δφραδίην
951 735 1068 822 ἐσορῶν

337 849 391 912 καὶ
415 846 527 914 στάσιν
548 843 707 931 Ἑλλήνων
729 841 932 930 λασφδδρον·
955 838 1040 907 α’λλοὶ
1063 839 1111 915 οὐ,
1136 847 1243 924 Φοῖβε,

381 953 473 1030 ἵλαος
494 950 651 1040 ἡμετέρην
674 950 765 1038 τήνδε
787 948 931 1036 φύλασσε
953 948 1057 1014 πόλιν.

250 1081 310 1161 Qui
327 1097 433 1143 versus
449 1079 532 1144 baud
548 1079 639 1144 dubie
655 1079 721 1142 eius
736 1076 813 1142 belli
824 1076 945 1141 instans
959 1074 1132 1160 pericnlum
1147 1075 1325 1159 respiciunt

250 1185 331 1270 quod
354 1185 490 1251 aXerxe
513 1205 542 1252 a.
567 1189 628 1253 481
656 1185 718 1250 toti
734 1183 883 1249 Graeciae
907 1182 1032 1248 illatum
1055 1185 1111 1248 ast.
1144 1181 1215 1261 Quo
1236 1183 1324 1246 enim

250 1291 311 1357 alio
342 1291 423 1356 bello
447 1291 636 1357 Graecorum
669 1290 822 1356 discordia
845 1291 956 1373 podiae
979 1306 1070 1354 ouras
1094 1306 1160 1353 esse
1183 1290 1323 1372 potarat

250 1418 309 1482 qno
342 1397 403 1462 alio
435 1397 573 1482 Megaris
607 1396 780 1462 timendum
815 1396 907 1460 erati
943 1395 1055 1476 ltaque
1089 1413 1108 1459 a
1138 1394 1325 1478 Theognide

249 1504 380 1589 proiecti
415 1522 483 1568 esse
514 1521 575 1568 non
606 1504 744 1585 possunt,
780 1501 808 1566 si
839 1501 1054 1583 grammaticis
1085 1501 1166 1564 circa
1197 1519 1225 1566 a.
1256 1502 1324 1569 540

250 1611 391 1677 floruisse
423 1611 506 1675 recte
530 1610 672 1677 traditur.
720 1608 810 1673 Certe
834 1606 882 1671 illi
906 1625 1008 1672 errare
1031 1607 1186 1690 poterant,
1220 1625 1324 1690 nequo

250 1718 382 1781 nimium
397 1716 560 1781 tribuerim
577 1734 683 1780 eorum
700 1714 891 1792 testimonio,
909 1712 983 1777 dum
999 1713 1089 1777 modo
1104 1713 1325 1796 Theognidem

251 1842 330 1888 anno
354 1825 417 1889 481
444 1822 632 1887 Isthmiacos
654 1822 739 1886 urbis
757 1822 858 1886 civem
873 1820 969 1886 fuisse
986 1821 1133 1885 credibile
1149 1821 1199 1884 sit.
1233 1819 1325 1898 Quod

252 1929 418 2011 quominus
452 1927 623 2003 credamus,
655 1925 796 1991 Platonis
827 1927 1040 1991 testimonium
1067 1923 1326 2010 gravissimum¹)

253 2035 366 2110 obstat,
399 2051 458 2114 quo
488 2033 526 2097 ad
559 2033 754 2098 Siciliensem
785 2034 944 2098 civitatem
975 2032 1142 2116 relegatur.
1199 2031 1326 2114 Legum

252 2141 335 2204 enim
366 2139 399 2202 in
429 2138 509 2203 libro
540 2138 641 2220 primo
665 2138 706 2221 (p.
732 2139 836 2222 6308)
867 2137 1011 2224 ‘nolin-pv
1041 2142 1104 2200 τῶν
1136 2134 1168 2202 ἐν
1192 2138 1326 2222 Σικελίᾳ

254 2243 418 2330 Μεγάρων
444 2265 515 2309 enm
538 2244 675 2328 appellat
718 2243 806 2323 Quod
822 2263 895 2310 vcro
912 2245 1079 2329 Didymum
1094 2244 1220 2310 Platoni
1235 2243 1326 2310 oblo-

254 2356 361 2417 eutum
390 2370 458 2416 esse
482 2354 514 2416 et
538 2352 591 2434 qui
614 2350 693 2416 falsa
716 2350 873 2416 rettulerit
896 2371 968 2415 eum
991 2351 1130 2434 arguisse
1154 2350 1327 2416 scholiasta

254 2457 292 2523 ad
324 2459 408 2523 buno
437 2458 540 2522 locum
564 2459 702 2534 adnotat,
733 2457 812 2521 nihil
835 2459 901 2522 veri
924 2459 1057 2523 similius
1080 2460 1137 2535 est,
1168 2476 1265 2540 qnam
1289 2460 1328 2522 nt

254 2565 381 2647 Didymi
415 2565 604 2648 temporibus
637 2566 701 2629 iam
736 2566 917 2629 consuetum
952 2564 1047 2630 fuerit
1081 2565 1185 2629 omnia
1216 2583 1254 2628 ea
1286 2565 1326 2630 ad

255 2667 466 2750 Theognidem
497 2670 599 2751 ipsum
631 2667 745 2731 referre
773 2688 852 2750 quae
875 2669 908 2732 in
931 2672 1038 2735 nostra
1062 2689 1087 2734 s.
1111 2672 1243 2748 exstant,
1279 2672 1327 2736 ita

255 2777 291 2838 ut
321 2774 375 2838 illc
406 2775 469 2838 iam
497 2773 751 2856 Harpocrationis
782 2779 1053 2858 argumentatione
1084 2797 1157 2842 usus
1188 2779 1239 2852 sit,
1275 2780 1327 2842 eui

255 2897 303 2942 vv.
340 2879 498 2944 783-88
536 2878 759 2960 respiciuntur,
795 2881 847 2962 qui
883 2900 956 2946 sane
991 2901 1009 2946 a
1041 2882 1195 2948 Siciliensi
1228 2887 1327 2966 poeta

254 2983 385 3067 profecti
416 3002 483 3049 esse
512 3003 571 3048 non
604 2987 741 3066 possunt.
796 2986 927 3052 Videtur
958 2990 1041 3054 enim
1072 2990 1225 3055 vetustior
1257 2992 1327 3056 eins

255 3091 485 3156 consuetudinis
532 3111 617 3157 error
663 3091 777 3169 fuisse,
826 3113 896 3158 eum
948 3096 1044 3161 etiam
1091 3098 1327 3179 Theophrastus

255 3198 307 3280 qni
349 3199 377 3262 ei
416 3199 563 3262 obnoxius
601 3200 697 3263 fuerit
733 3201 764 3263 in
808 3204 1006 3284 conspectum
1045 3203 1161 3269 veniat.
1223 3202 1327 3282 Quem

255 3324 284 3371 v.
310 3308 373 3371 147
398 3324 424 3386 q.
450 3323 476 3369 e.

343 3405 396 3472 Ἐν
419 3408 453 3472 δὲ
476 3407 659 3493 δικαιοσύνῃ
683 3409 863 3498 συλλήβδην
886 3407 964 3476 πᾶσ)
991 3408 1086 3499 ἀρετή
1108 3408 1189 3477 ’στιν

256 3533 430 3615 Theognidi
455 3533 601 3596 tribuisse
622 3551 658 3595 ex
675 3531 769 3601 Mioh.
787 3536 898 3618 Ephes.
916 3537 1032 3602 scholio
1047 3537 1087 3603 ad
1103 3539 1234 3604 Aristot.
1253 3539 1327 3604 litb.

257 3639 325 3704 Nic.
351 3638 378 3701 V
403 3643 432 3718 3,
459 3638 573 3705 11291)
597 3640 729 3706 ‘ac-30
756 3643 972 3726 comperimus.
1019 3645 1103 3708 Fieri
1135 3646 1240 3709 autem
1264 3665 1328 3708 non

256 3744 368 3827 potest,
400 3744 473 3826 quin
505 3744 542 3808 do
566 3742 765 3827 Theognidea
797 3747 888 3811 huius
916 3749 1059 3813 versicrdi
1090 3749 1212 3831 origine
1235 3749 1329 3815 valde

261 3891 468 3901 ·-—————-

349 3969 372 4037 ¹)
391 3970 472 4025 Plato
497 3977 526 4025 ct
544 3971 696 4027 Isthmiaca
714 3974 830 4041 hlegara
853 3979 883 4028 et
905 3975 1054 4043 Syracusas
1073 3975 1172 4031 adiisse
1190 3976 1330 4046 traditur,

256 4071 327 4126 quae
345 4056 400 4112 fuit
418 4061 483 4114 nrbs
502 4061 646 4114 admodum
665 4061 755 4117 vicina
773 4062 876 4118 veteris
888 4062 1036 4118 Siciliensis
1049 4064 1227 4132 llegarornm
1240 4065 1331 4135 urbis,

257 4145 334 4200 cuins
352 4144 456 4202 incolas
474 4148 558 4204 etiam
576 4157 726 4218 receperat.
