2934 4882
207 494 248 558 38
485 490 501 556 5
520 488 545 542 8.
575 485 767 542 (lombibonum
787 485 992 554 appellationes.

260 702 261 709 ν
298 663 378 729 Οὔτε
403 687 437 730 σε
460 664 620 747 κωμάζειν
642 660 843 750 αἰεερίκομεν
866 661 938 728 οὔτε
961 665 1133 744 καλοῦμεν·

331 769 503 854 4υἱριιαλέος
527 768 655 857 παρεὼν
678 772 734 835 καὶ
757 773 859 855 φίλος,
883 760 947 835 εὖτ’
971 766 1010 833 ἂν
1033 765 1131 854 οἷπῇς.

207 881 256 945 De
270 880 320 947 his
335 879 435 961 igitur
450 899 509 945 non
526 879 661 944 dubitari
676 879 803 962 poterit,
821 878 874 943 sed
892 876 1053 943 videamus
1065 877 1138 943 alia.
1163 876 1275 943 (loram

186 1005 279 1068 ¹uum
312 986 446 1068 hospite,
479 986 529 1050 oui
552 984 703 1051 Clearisto
739 1004 850 1050 nomen
885 988 942 1061 est,
977 983 1031 1049 ille
1066 983 1203 1066 loquitur
1226 985 1276 1048 oui

207 1095 428 1161 mett-22
452 1092 610 1157 debentur.
651 1093 735 1170 Quos
758 1110 864 1156 versus
884 1090 917 1155 in
933 1090 1075 1156 convivio
1091 1089 1191 1156 editos
1207 1108 1274 1155 esse

210 1198 402 1264 crediderim.
434 1200 470 1263 ln
486 1199 627 1264 convivio
643 1198 727 1263 enim
743 1199 881 1281 hospites
893 1195 1065 1280 appellatos
1076 1199 1110 1262 et
1121 1195 1275 1262 salutatos

210 1323 277 1369 esee
300 1322 337 1368 er
359 1304 500 1370 versibus
516 1306 693 1373 uve-884
716 1303 891 1388 intellegas.
940 1304 1043 1368 Etiam
1067 1301 1190 1368 sodales
1213 1302 1274 1368 alio

208 1429 424 1494 nonnunquam
447 1430 480 1476 se
503 1411 670 1476 contulisse
687 1410 774 1476 nobis
791 1409 991 1476 statuendum
1008 1409 1077 1489 erit,
1103 1409 1131 1474 si
1147 1409 1274 1492 quidem

209 1515 262 1580 ille
294 1519 346 1600 qui
368 1536 418 1581 vv.
435 1519 588 1585 vsa-88
620 1517 758 1600 loquitur
789 1535 822 1582 se
845 1519 877 1581 et
900 1516 1039 1582 Siciliam
1063 1518 1096 1581 et
1120 1515 1275 1581 Euboeam

208 1625 241 1687 et
264 1622 408 1706 Spartam
432 1622 545 1688 adiisse
570 1624 669 1688 docet.
709 1624 793 1701 Quae
818 1623 891 1687 dum
918 1625 1051 1698 intueor,
1080 1623 1112 1684 in
1135 1623 1275 1688 convivio

208 1729 239 1792 in
272 1728 410 1795 sodalem
433 1730 505 1795 ante
530 1732 597 1795 eius
621 1730 792 1794 dissessum
815 1729 891 1794 haee
913 1729 995 1794 diota
1019 1745 1086 1793 esse
1111 1729 1276 1793 statuerim

209 1854 287 1918 quae
309 1855 358 1901 vv.
376 1838 530 1904 691-92
554 1836 716 1918 leguntur:

298 1939 430 2021 Χαίρων
453 1932 488 2004 εὖ
511 1942 671 2016 τελέσειας
694 1938 771 2005 διλόν
792 1939 931 2022 μεγάλου
955 1939 1008 2004 deo?
1033 1939 1163 2015 πόντου,

341 2051 396 2109 καί
419 2069 454 2110 σε
479 2046 662 2111 Ποσειδάων
685 2045 793 2132 χάρμα
816 2048 924 2132 φίλοις
947 2043 1071 2131 ἅνοίγοι.

210 2152 261 2216 An
291 2155 438 2237 putamus
469 2154 586 2220 litteris
617 2158 739 2220 tantum
770 2156 846 2220 haee
869 2155 907 2219 ad
931 2173 1001 2219 eum
1025 2155 1201 2237 pervenisse
1224 2155 1277 2236 qui

212 2259 407 2342 appellatur?
437 2261 559 2326 Dixeris
575 2280 611 2326 ex
628 2260 766 2341 longiore
784 2261 914 2345 quodam
932 2261 1069 2326 carmine
1085 2261 1161 2325 haee
1175 2261 1279 2342 petita

211 2384 287 2433 esse.
335 2367 419 2449 Esto,
444 2369 659 2445 concesserim,
684 2386 874 2451 quamquam
896 2367 1015 2432 similes
1038 2386 1144 2432 versus
1160 2366 1208 2430 illi
1223 2367 1279 2450 qui

211 2471 399 2538 Clearistum
422 2474 581 2557 appellant
598 2473 781 2558 (ott-22)
805 2474 930 2559 plenum
947 2474 1027 2538 hand
1044 2472 1136 2539 dubie
1152 2492 1279 2538 oarmen

210 2577 352 2644 efficiunt
384 2599 482 2662 neque
513 2600 573 2645 non
601 2583 717 2646 sertam
742 2581 934 2645 occasionem
958 2582 1109 2664 spectant.
1156 2580 1278 2660 Quaero

211 2687 316 2748 autem
347 2705 401 2750 our
431 2686 502 2750 inde
532 2687 632 2769 petita
663 2688 736 2761 sint,
769 2689 805 2751 ut
835 2687 936 2752 losum
967 2688 998 2750 in
1026 2688 1134 2751 nostra
1157 2684 1279 2768 sylloge

211 2790 380 2856 obtineant.

301 2899 411 2963 Coram
435 2896 543 2962 deinde
566 2898 673 2964 adesse
697 2898 810 2963 dixeris
833 2900 888 2982 qui
910 2898 1096 2984 appellatur,
1129 2899 1183 2964 ubi
1206 2919 1281 2964 cum

211 3005 314 3069 neseio
338 3023 397 3087 quo
421 3005 545 3071 homine
567 3009 660 3089 poeta
682 3007 810 3074 rixatur.
850 3004 943 3114 Cuius
959 3006 1083 3090 generis
1099 3006 1156 3071 hos
1172 3025 1281 3093 versus

210 3109 435 3194 inspiciamus:v

211 3217 382 3285 407-08:
408 3217 562 3294 Φίλυαεος
585 3213 628 3282 ὢν
650 3214 807 3304 ἥμαρτες·
831 3213 894 3302 ἐγώ
918 3216 953 3280 δέ
976 3240 1027 3280 τοι
1049 3215 1154 3294 αἴτιος
1174 3214 1281 3292 οὐδέν,

445 3317 528 3385 αλλ’Υ
542 3318 638 3398 αὐτὸς
659 3320 786 3409 γνώμης
808 3317 867 3385 οὐκ
889 3316 1023 3408 ἀγαθῆς
1045 3319 1181 3404 ἔνοχος’

210 3427 380 3496 439—40:
410 3425 547 3512 Νηίυιος,
572 3424 608 3504 ὃς
630 3428 685 3493 τὸν
704 3425 780 3510 ἐμὸν
794 3428 852 3510 μὲν
867 3424 934 3508 ἔχει
949 3425 1022 3492 νόον
1039 3425 1073 3492 ἐν
1088 3430 1281 3516 φυλακῇσιν,

445 3535 508 3596 τῶν
530 3530 558 3595 d’
584 3530 684 3598 αὐτοῦ
707 3533 795 3598 ἰδίων
819 3530 911 3599 οὐδὲν
933 3532 1170 3619 ἐπιστρέφεται.

210 3639 384 3707 453—56:
402 3635 584 3726 ”Ωνθριοιε’,
608 3638 637 3704 εἰ
656 3639 781 3727 γνώμης
795 3639 907 3722 ἔλαχες
921 3646 1018 3726 μέρος
1034 3638 1143 3725 ὥσπερ
1159 3627 1282 3730 ἀνοίης,

446 3745 500 3808 καὶ
523 3744 658 3832 σώφρων
681 3743 783 3825 οὕτως
806 3744 914 3834 ὥσπερ
938 3746 1048 3834 ἄφρων
1070 3745 1188 3833 ἐγένου,

407 3852 543 3929 πολλοῖς
565 3849 606 3916 ἄν
629 3852 767 3939 ζηλωτὸς
790 3852 918 3940 ἐφαίνεο
941 3854 1040 3918 τῶνδε
1063 3856 1216 3929 πολιτῶν,

445 3954 545 4035 οὕτως
568 3955 675 4045 ὥσπερ
698 3966 753 4023 νῦν
775 3955 902 4037 οὐδενὸς
925 3957 1015 4040 ἄξιος
1037 3953 1075 4023 ελ.

211 4061 258 4126 lbi
289 4083 407 4148 quoque
440 4066 649 4148 praesentiam
673 4068 864 4133 convivalem
888 4067 1071 4151 agnoverim
1094 4085 1201 4133 uorum
1224 4068 1285 4150 qui

209 4169 416 4255 appellantur,
440 4172 531 4256 idque
555 4191 591 4237 eo
615 4175 716 4258 magis
740 4175 820 4257 quod
843 4176 924 4240 rixas
947 4175 1030 4240 inter
1052 4175 1179 4258 potores
1201 4191 1287 4238 non·
