2934 4882
260 475 306 539 66
354 471 432 542 §17.
461 471 600 540 Quomodo
619 473 741 529 accidere
759 473 892 542 potuerit,
910 479 943 529 ut
961 480 1057 530 nostm
1074 475 1181 545 sylloge
1199 486 1254 533 etc.

129 733 131 736 ·
263 703 288 788 g
317 703 375 771 17.
422 702 632 787 Quomodo
667 702 848 770 accidere
882 702 1075 787 potuerit,
1110 708 1156 771 ut
1190 709 1338 773 nostra

263 809 420 897 sylloge
459 828 533 894 pro
572 809 758 892 genuinis
796 808 1044 893 Tbeognidis
1082 810 1338 879 carminibus

306 915 606 992 aestimaretur,
630 932 682 981 ex
704 917 847 982 nostra
869 914 1030 982 ratione
1054 913 1298 1000 explicatur.

353 1056 496 1121 Vidimus
533 1058 670 1122 nostram
709 1056 865 1140 syllogen,
906 1059 1047 1140 quamvis
1081 1077 1152 1124 cum
1181 1060 1339 1145 ‚genuinis

265 1163 456 1247 Theognidis
479 1163 668 1228 carminibus
691 1182 751 1228 non
775 1163 987 1229 contundenda
1010 1166 1061 1244 sit,
1086 1164 1205 1247 aliquid
1228 1168 1338 1230 mmen

264 1290 332 1335 cum
350 1270 550 1352 Theognidea
572 1270 659 1353 poesi
683 1289 844 1335 commune
868 1271 991 1336 habere.
1028 1273 1125 1337 Usum
1149 1272 1234 1336 euim
1259 1292 1339 1338 con-

263 1374 395 1440 vivalem
424 1374 456 1437 et
478 1373 563 1438 illius
587 1374 725 1438 carmina
749 1374 911 1438 subierunt
934 1377 966 1439 et
989 1377 1113 1440 omnino
1137 1396 1174 1442 ca
1198 1397 1280 1461 quae
1305 1379 1338 1442 in

262 1482 369 1546 nostra
393 1499 417 1544 s.
442 1482 633 1561 congregata
657 1481 738 1548 sunt.
777 1480 999 1545 Demonstrare
1022 1483 1126 1545 autem
1152 1482 1340 1546 conabimur

264 1589 360 1653 etiam
384 1586 421 1650 de
444 1585 512 1650 loco
535 1604 603 1649 eam
627 1604 698 1648 cum
714 1584 915 1666 Theognidea
936 1585 1023 1669 poesi
1038 1588 1213 1655 convenire.
1246 1588 1338 1667 Quod

264 1695 291 1758 si
308 1694 396 1758 nohis
412 1692 589 1774 contigerit,
605 1691 673 1755 fieri
685 1709 745 1755 non
756 1691 881 1777 poterit,
896 1692 969 1774 quin
982 1691 1098 1756 sensim
1109 1692 1340 1777 paussahmque

264 1819 333 1865 eam
368 1818 405 1863 ex
439 1797 649 1880 Theognideis
683 1798 872 1862 carminibus
905 1798 1056 1879 prodiisse
1091 1800 1263 1876 statuatur,
1301 1818 1341 1864 ea

264 1906 383 1972 ratione
406 1907 443 1968 ut
466 1901 528 1967 alia
551 1902 689 1965 carmina
705 1901 889 1976 convivaha,
913 1920 993 1984 quae
1008 1903 1116 1985 postea
1131 1902 1339 1978 invaluerint,

263 2011 328 2075 illis
359 2009 497 2075 admixta
527 2008 600 2084 sint,
632 2008 766 2090 genuina
793 2026 865 2072 vero
896 2027 1011 2090 magna
1042 2027 1077 2072 er
1108 2010 1197 2091 parte
1226 2013 1339 2092 poste-

263 2137 369 2184 rorum
402 2114 521 2181 incuria
554 2112 779 2177 interciderint.
833 2111 1027 2195 Intelligitur
1058 2117 1177 2194 autem,
1215 2116 1244 2179 si
1277 2116 1341 2182 hoc

264 2223 422 2296 statuitur,
454 2220 605 2303 quomodo
635 2220 774 2284 accidere
795 2219 942 2301 potuerit,
975 2220 1011 2282 ut
1033 2220 1109 2284 haec
1132 2219 1255 2304 sylloge
1280 2241 1340 2304 pro

265 2327 472 2411 Theognideis
495 2326 684 2392 carminibus
708 2325 939 2399 aestimaretur,
963 2325 1147 2408 praesertim
1170 2345 1244 2391 cum
1261 2347 1340 2394 uon·

264 2433 344 2500 nihil
379 2431 576 2498 auctoritatis
607 2429 797 2512 Theognidis
832 2447 943 2494 nomen
978 2429 1011 2493 in
1046 2448 1081 2494 eo
1115 2432 1340 2498 combibouum

264 2541 395 2625 collegio
412 2538 491 2622 quod
507 2537 595 2602 nobis
611 2539 778 2601 statuimus
794 2537 938 2601 hahuisse
956 2555 993 2601 ex
1009 2537 1192 2620 quibusdam
1208 2539 1342 2606 indiciis

265 2646 528 2712 evidentissimum
550 2643 615 2707 fiat.

355 2751 524 2814 Videamus
554 2749 653 2831 igitur
685 2747 787 2812 locum
819 2750 872 2830 uhi
895 2750 1087 2816 convivalem
1107 2753 1189 2817 hauc
1212 2757 1340 2837 poesim

265 2858 296 2921 in
328 2877 385 2920 usu
416 2855 513 2920 luisse
546 2853 730 2919 credendum
761 2855 812 2919 sit.
860 2855 986 2920 Certum
1019 2860 1123 2921 autem
1145 2857 1250 2923 locum
1277 2880 1340 2944 quo

267 2963 427 3028 exstiterit
450 2962 572 3027 omnino
588 2961 643 3025 isti
658 2961 761 3044 poesis
776 2963 883 3044 generi
899 2963 1138 3045 assignabimus,
1162 2965 1190 3029 si
1207 2966 1341 3047 quidem

266 3072 298 3134 ct
320 3070 428 3134 Attica
459 3067 555 3133 scolia
582 3087 642 3133 non
666 3068 732 3132 sine
755 3069 875 3132 ratione
898 3069 957 3134 hoc
979 3089 1151 3153 cognomen
1174 3072 1341 3154 accepisse

264 3176 435 3260 apparet,¹)
466 3193 542 3257 quae
574 3194 722 3257 nusquam
756 3174 817 3239 nisi
846 3175 880 3238 in
904 3176 1012 3240 Attica
1035 3179 1174 3241 terrast
1201 3177 1341 3244 Athenis

265 3282 457 3347 convivalem
481 3301 569 3345 usum
593 3281 737 3346 hahuisse
761 3281 883 3361 dixeris,
916 3284 948 3345 et
971 3281 1121 3347 Lesbiaca
1142 3281 1199 3346 illa
1223 3283 1340 3350 Alcaei

265 3389 376 3469 poesis,
408 3407 500 3469 quam
533 3409 655 3454 omnem
680 3387 871 3453 convivalem
895 3389 991 3453 fuisse
1015 3410 1107 3473 supra
1131 3392 1340 3473 cognovimus

266 3493 342 3576 (vid.
367 3514 396 3576 p.
415 3499 467 3570 18,
489 3499 541 3573 34,
562 3498 630 3578 40),
653 3516 692 3560 ne
716 3484 885 3562 domestico
909 3497 1032 3580 quidem
1056 3517 1199 3564 sermone
1221 3503 1338 3570 caruit.

265 3598 373 3679 ltaque
397 3599 423 3661 si
447 3603 584 3665 nostram
601 3601 740 3684 syllogen
758 3603 969 3669 convivalibus
985 3606 1173 3671 carminibus
1190 3611 1340 3674 constare

266 3703 353 3768 nohis
376 3703 517 3770 videmur
538 3707 739 3783 intellexisse,
764 3709 841 3774 nihil
863 3713 987 3793 propius
1012 3715 1044 3777 et
1066 3713 1170 3795 magis
1191 3732 1259 3778 ere
1277 3717 1340 3793 est,

266 3828 359 3893 quam
371 3814 407 3875 ut
418 3814 575 3895 proprium
587 3814 688 3879 locum
702 3816 755 3879 ubi
767 3817 926 3898 potoribus
938 3819 971 3881 in
984 3837 1040 3882 usu
1053 3817 1150 3884 fuisse
1163 3818 1290 3884 dicatur
1303 3840 1342 3886 ea

358 4076 379 4143 ¹)
407 4075 556 4143 Appellant
584 4077 697 4132 ‘Attica’
723 4095 756 4134 ea
781 4079 941 4134 Athenaeus
970 4081 1035 4146 [XV
1060 4097 1086 4149 p.
1106 4081 1159 4135 693
1168 4081 1196 4149 e)
1226 4086 1256 4136 et
1285 4084 1344 4139 Dio

266 4163 360 4230 Ohrys.
380 4166 433 4231 (or.
451 4166 476 4230 2,
497 4181 520 4232 p.
541 4165 600 4220 aaa
619 4165 699 4236 [R.].)
869 4181 871 4184 ⁴
