2934 4882
206 497 248 560 20
467 494 483 561 ξ
503 494 527 548 ί.
556 491 698 548 Stasiotici
717 498 745 547 et
763 492 887 546 sodalicii
905 507 1008 547 versus.

206 669 239 758 (ξ
255 672 291 752 2)
315 672 403 736 nobis
427 672 647 755 persuasimus.
686 672 816 736 Potoros
839 668 986 754 ἑταίρους
1010 671 1184 754 appellatos
1208 689 1277 737 esse

204 783 237 846 et
260 799 296 845 ex
318 779 459 845 versibus
483 780 637 848 643—44
660 777 807 861 intellegi
829 777 903 843 licet
926 797 955 860 q.
973 797 997 842 s.

293 885 412 949 Πολλοί
435 906 503 967 παρ
527 881 658 968 κρητῆρι
680 881 771 966 φίλοι
793 885 953 965 γίγνονται
977 880 1106 968 ἑταῖροι,

337 987 370 1053 ἒν
393 987 426 1053 δὲ
450 987 617 1071 σπουδαίῳ
640 985 806 1075 πρήγματι
829 987 1032 1073 παυρότεροι.

203 1097 435 1180 Dispicimnsne
473 1096 537 1160 iam
574 1096 684 1178 poetae
722 1095 876 1158 rationem
912 1113 972 1177 qua
1007 1095 1083 1159 haec
1117 1095 1272 1159 ediderit?

203 1204 300 1267 lirant
324 1220 385 1268 non
408 1202 509 1267 solnm
531 1202 563 1265 in
587 1200 718 1265 bibendo
742 1198 863 1266 sodales
886 1201 939 1282 qui
955 1219 992 1265 ea
1008 1201 1145 1265 carmina
1161 1220 1272 1266 canere

201 1308 346 1374 solebant
369 1326 446 1391 quae
469 1304 642 1373 convivalia
665 1325 733 1371 esso
757 1304 980 1383 intelleximus,
1004 1306 1057 1372 sed
1078 1306 1159 1372 soria
1175 1307 1272 1372 etiam

200 1413 481 1479 communicabant.
530 1412 591 1490 Qui
620 1412 731 1477 iisdem
763 1412 902 1495 partium
931 1411 1044 1477 studiis
1075 1413 1269 1492 tenebantur,

201 1523 237 1584 ut
260 1538 353 1602 snpra
375 1519 438 1583 iam
462 1518 638 1587 statuimus.
678 1518 774 1596 Unde,
800 1517 917 1599 siquid
941 1517 1102 1594 sentimus,
1126 1517 1270 1602 politicus

201 1628 286 1692 vocis
320 1623 444 1709 ἑταῖρος
478 1624 656 1689 intellectus
690 1627 777 1689 ortus
812 1626 868 1692 est.
915 1625 1029 1688 Postea
1064 1624 1147 1688 eninr
1179 1643 1270 1690 voces

201 1731 330 1816 ἑταῖροι,
355 1729 518 1814 ἑταιρικοί,
542 1727 668 1813 ἑταιρία
691 1729 724 1792 in
748 1748 869 1793 morum
893 1747 1019 1794 sensnm
1038 1729 1269 1795 coniuratorum

201 1839 362 1903 hominnm
385 1837 536 1913 abierunt,
568 1837 594 1899 it
640 1838 745 1900 temen
769 1837 805 1899 ut
829 1835 866 1898 de
889 1834 1047 1899 nobilibus
1070 1835 1269 1917 potissimum

201 1944 336 2007 usitatae
361 1939 487 2017 fuerint,
512 1941 599 2006 velut
622 1941 797 2024 Thucydidi
821 1941 909 2024 (Vlll
927 1944 969 2008 48
986 1944 1018 2006 et
1035 1943 1091 2025 do)
1117 1942 1268 2025 oligarchi

201 2049 254 2132 qui
288 2067 368 2113 anno
404 2052 466 2115 411
505 2050 613 2113 contra
646 2048 792 2131 populare
826 2049 993 2131 imperium
1032 2049 1268 2113 coniuraverunt

199 2154 320 2239 ἑταῖροι
350 2156 508 2232 vocentur,
542 2156 629 2219 etin
653 2155 871 2220 Demosthenis
895 2157 1033 2220 oratione
1056 2155 1088 2219 in
1113 2155 1220 2238 Steph.
1238 2159 1267 2222 ll

199 2261 331 2344 p.1137
354 2258 434 2345 §26
467 2260 499 2322 in
529 2259 599 2343 lege
633 2259 746 2324 dicitur·
777 2257 900 2343 ἑταιρία
935 2256 993 2322 ἐπί
1014 2259 1187 2325 καταλύσει
1210 2267 1267 2327 τοῦ

192 2365 308 2455 Ιδήμου,
378 2364 545 2429 Politicum
582 2384 706 2430 sensum
742 2367 774 2430 et
815 2366 909 2430 simul
943 2367 1136 2432 convivalem
1171 2370 1267 2433 etiam

197 2474 405 2558 agnoscimus,
418 2472 446 2536 si
455 2471 662 2555 Lipsydrinm,
676 2470 729 2555 qni
741 2471 826 2537 locus
839 2471 1054 2537 dissidentium
1067 2492 1085 2537 a
1098 2474 1266 2540 Pisistrato

197 2580 351 2644 nobilium
382 2576 502 2643 cladem
533 2578 663 2656 viderat,
695 2577 951 2662 προίωσίταιρον
981 2581 1112 2644 obeam
1143 2601 1211 2646 rem
1234 2583 1266 2645 in

196 2684 305 2749 Attico
329 2683 426 2748 scolio
450 2686 493 2750 24
515 2682 579 2768 (ap.
597 2685 724 2762 Athen.)
749 2687 884 2752 vocatur.

287 2789 413 2854 Politici
445 2786 595 2852 eiusmodi
627 2786 769 2853 sodalicii
799 2791 967 2873 participes
1000 2792 1098 2856 artius
1126 2793 1209 2858 inter
1232 2813 1265 2858 se

196 2897 317 2962 iunctos
341 2896 436 2960 fuisse
452 2893 636 2958 credendum
653 2897 711 2971 est,
734 2896 937 2979 ponimusquo
960 2898 1020 2961 hue
1044 2899 1125 2980 quod
1142 2899 1266 2985 Thucy·

196 3003 282 3068 didos
305 3002 432 3085 scripsit
454 3000 569 3077 111s2,
600 3001 654 3066 ubi
685 3001 722 3065 do
746 3003 889 3067 excitatis
912 3004 944 3067 in
969 3004 1207 3087 Corcynensium
1232 3028 1265 3072 re

193 3108 319 3192 publice
341 3107 435 3174 verba
457 3107 551 3172 fiunt:

283 3215 339 3278 καί
361 3213 421 3300 μὴν
443 3213 498 3276 καί
521 3213 558 3277 τὸ
582 3212 727 3296 ξυγγενὲς
749 3220 806 3276 τοῦ
832 3211 992 3298 ἑταιρικοῦ
1015 3209 1265 3303 ἀλλοτριώτερον

282 3316 404 3403 ἐγένετο
420 3318 475 3382 διὰ
492 3319 529 3382 τὸ
545 3317 743 3404 ἑτοιμότερον
757 3312 839 3382 εἶναι
854 3314 1110 3405 ἀπροφασίστως
1129 3324 1262 3402 τολμᾶν.

193 3427 276 3490 Hinc
311 3425 499 3507 intelligitur
533 3425 606 3507 quid
641 3426 701 3490 sibi
735 3426 813 3491 volit
843 3428 874 3491 in
899 3427 1026 3492 canticis
1050 3430 1264 3496 convivalibus

192 3530 325 3596 scolium
347 3531 489 3594 Atticum
512 3533 552 3598 25
578 3532 640 3614 (ap.
656 3532 866 3610 Athenaeum)
891 3553 920 3616 q.
938 3553 964 3598 e.

276 3632 390 3712 ‘'Oocrg
413 3632 513 3719 ἄνδρα
536 3636 629 3719 φίλον
651 3637 695 3722 μὴ
718 3636 922 3722 προδίδωσιν,
945 3637 1089 3721 μεγάλαν
1112 3640 1180 3722 ἔχει

283 3740 490 3822 sepelivisse
512 3748 639 3829 βροτοῖς
662 3741 695 3807 ἑν
717 3768 751 3809 τε
774 3748 901 3809 θεοῖσιν
923 3742 994 3809 κατ’
1019 3745 1093 3828 ἐμὸν
1117 3746 1200 3812 νόον.

194 3848 254 3927 Qui
270 3867 376 3914 versus
391 3849 472 3914 hand
489 3850 579 3914 dubie
595 3850 789 3916 concordiam
805 3854 900 3918 istam
917 3853 1099 3920 sodalicium
1111 3857 1263 3936 attinent,

192 3973 381 4038 quamquam
402 3974 461 4019 vox
485 3952 627 4038 ‘dromon’
662 3957 707 4021 ihi
741 3958 838 4026 abest.
886 3961 971 4039 Quae
995 3980 1102 4026 rursus
1125 3965 1264 4030 occurrit

192 4063 315 4127 nostrae
346 4061 481 4144 syllogus
508 4063 650 4127 versibus
674 4066 838 4141 eae—30,
870 4085 945 4148 quos
969 4087 1050 4131 nnnc
1074 4069 1261 4136 subiicimus

192 4167 264 4249 quia
286 4168 318 4231 in
341 4169 522 4250 argumento
546 4187 617 4232 cum
639 4170 699 4235 isto
723 4168 819 4236 scolio
844 4173 1019 4240 concinunt.
