2934 4882
256 462 297 525 36
600 457 616 523 ἕ
635 454 660 508 7.
689 451 856 522 Symposiaci
874 467 977 506 versus.

256 639 424 715 sta—78,
449 654 581 719 quorum
603 635 684 701 ratio
708 633 877 699 conrivalis
900 652 955 716 por
981 651 1014 698 sa
1043 632 1139 697 etiam
1162 633 1328 715 perspicua

491 741 537 818 fit
560 760 632 805 cnm
653 737 699 805 ita
721 759 755 805 se
779 740 928 805 habeant:

456 843 565 924 Οὐδεὶς
588 842 780 932 ἀνθρώπων,
805 844 841 912 ὃν
863 841 955 911 πότν’
979 842 1033 910 ἐπὶ
1057 855 1134 928 γαῖα
1158 843 1292 930 καλύψῃ

491 952 525 1029 ές
547 948 575 1017 τ’
595 950 725 1039 Ἔρεβος
748 957 883 1036 καταβῇ,
907 951 1039 1033 δώματα
1065 950 1271 1038 Περσεφόνης,

454 1063 607 1143 τέρπεται
631 1057 702 1122 οὔτε
724 1056 821 1144 λύρης
844 1052 912 1122 οὔτ’
936 1052 1110 1143 αὕλητηρος
1132 1054 1267 1135 ἀκούων,

400 1222 402 1227 ,
494 1161 565 1229 οὔτε
590 1163 756 1229 Διωνύσου
779 1162 877 1250 δῶρον
899 1159 1102 1248 ἀειράμενος·

446 1266 548 1334 ταῦτ’
561 1267 678 1351 έσορῶν
690 1268 819 1357 κραδίην
830 1260 865 1334 εὖ
877 1273 1041 1351 πείσομαι,
1058 1265 1131 1355 ὄφρ’
1144 1261 1187 1332 ἔτ’
1201 1267 1329 1354 ἐλαφρά

463 1428 466 1435 ,
496 1376 637 1459 γούνατα
660 1377 715 1440 καὶ
737 1376 880 1462 κεφαλήν
903 1372 1066 1461 ἀτρεμέως
1088 1381 1251 1461 προφέρω.

263 1486 443 1553 1007-12τ
464 1485 563 1549 Ξανὸν
586 1479 613 1547 δ’
630 1479 822 1569 ἀνθρώποις
844 1480 1071 1568 ὑποθήσομαι,
1096 1479 1182 1567 ὄφρα
1201 1506 1252 1560 τις
1268 1479 1330 1569 ἡβᾷ

496 1585 619 1672 ἅγλαὸν
642 1586 746 1666 ἄνθος
768 1588 849 1670 έχων
872 1588 927 1652 καὶ
950 1588 1062 1672 φρεσὶν
1083 1585 1187 1652 ἐσθλοὶ
1212 1595 1279 1674 νοῇ,
1327 1592 1329 1596 ’

457 1701 522 1759 τιῦν
545 1692 645 1759 αὐτοῦ
667 1693 804 1761 κτεάνων
823 1686 858 1759 εὖ
877 1699 1059 1775 πασχέμεν·
1077 1689 1115 1758 οὐ
1133 1695 1194 1780 γὰρ
1211 1691 1331 1782 ἀνηβᾶν

319 1879 321 1885 η
496 1802 546 1878 δὶς
568 1804 702 1867 πέλεται
725 1803 807 1888 πρὸς
829 1802 925 1866 θεῶν.
957 1801 1023 1864 κτλ.

265 1913 448 1978 1119-22:
459 1905 560 1996 Ἥβης
575 1914 690 1995 μέτρον
706 1908 821 1991 έχοιμι,
838 1911 930 1994 φιλοῖ
942 1907 977 1974 δέ
987 1934 1027 1992 με
1040 1916 1154 1994 Φοῖβος
1163 1905 1332 1972 Ἀπόλλων

397 2063 400 2069 ·
501 2015 658 2102 Λητοΐδης
680 2016 734 2078 καὶ
758 2014 845 2093 Ζεύς,
870 2011 1047 2080 ἀθανασίαν
1069 2014 1229 2099 βασιλεύς,

463 2117 549 2206 ὄφρα
572 2126 642 2205 βίον
665 2121 780 2204 ζώοιμι
803 2123 908 2187 κακῶν
931 2121 1085 2187 ἔκτοσθεν
1108 2119 1271 2196 ἁπάντων,

500 2224 560 2314 ἥβη
583 2229 637 2292 καὶ
659 2227 790 2313 πλούτῳ
813 2229 922 2310 θυμὸν
945 2227 1129 2310 ἰαινόμενος.

354 2335 552 2418 Suspicamur
575 2355 659 2420 argo,
684 2356 753 2402 cum
771 2338 898 2402 iuvenes
915 2336 1032 2402 fuerint
1046 2336 1184 2421 plerique
1200 2335 1335 2400 convivii

263 2442 440 2525 participes,
466 2444 505 2508 ob
529 2463 598 2507 eam
622 2463 688 2509 ram
712 2444 744 2508 in
768 2445 874 2508 nostra
898 2464 922 2511 s.
939 2444 1074 2509 inveniri
1090 2462 1166 2527 quae
1183 2442 1335 2506 iuvenilis

266 2550 377 2631 postas
401 2547 557 2613 afflaverit
578 2549 710 2613 affectio.
892 2549 894 2552 ’

358 2653 473 2717 Varum
505 2655 588 2718 anim
612 2674 684 2720 vero
708 2674 769 2720 non
794 2656 906 2720 absunt
928 2654 966 2719 dc
989 2654 1151 2718 iuventute
1173 2655 1238 2718 iam
1262 2673 1336 2719 cva-

268 2759 408 2824 nescenti
438 2759 621 2841 queribundi
652 2779 768 2826 versus.
816 2761 898 2840 Quos
922 2759 1098 2836 admiscuit,
1132 2761 1250 2843 opinor,
1283 2762 1338 2843 qui

268 2865 371 2929 aetate
406 2864 486 2931 forte
520 2866 692 2948 provectior
726 2870 804 2945 erat,
842 2868 916 2932 dum
943 2867 1021 2932 alios
1054 2866 1134 2931 vidit
1156 2866 1338 2931 iuveniliter·

269 2971 466 3037 exsultantes.
513 2971 609 3036 Velut
637 2975 776 3039 versibus
800 2975 986 3053 1129-32,
1018 2973 1060 3037 ut
1076 2992 1170 3036 unam
1193 2973 1338 3055 eclogam

269 3075 449 3164 efficiant‚¹)
480 3078 620 3145 combibo
653 3079 823 3163 loquitur²)
855 3099 915 3145 non
938 3098 1032 3143 sanan
1055 3077 1108 3142 illc
1133 3079 1258 3162 quidem
1283 3081 1337 3143 ssd

356 3273 380 3341 ,1)
400 3272 502 3327 Fateor
519 3289 562 3328 me
579 3289 634 3327 non
653 3275 753 3329 habere
772 3273 904 3341 quomodo
924 3288 970 3328 eos
989 3274 1146 3329 convincam
1165 3270 1212 3340 qui
1229 3273 1279 3326 hos
1292 3288 1339 3326 vv.

269 3361 298 3415 in
326 3362 378 3416 duo
407 3361 525 3416 disticha
553 3362 692 3417 dirimant.
740 3363 816 3429 Quod
842 3361 913 3416 enim
938 3361 1072 3417 Stobacus
1096 3362 1168 3415 Flor.
1194 3361 1284 3415 CXVI
1304 3360 1340 3413 10

270 3455 403 3517 quattuor
421 3450 513 3504 omnes
532 3450 622 3514 affert,
640 3451 728 3506 levius
747 3451 830 3505 alicui
848 3452 958 3519 pensari
977 3459 1076 3519 potest.

361 3538 385 3606 Β)
398 3538 479 3592 'Dicit
499 3536 569 3591 enirn
583 3538 616 3586 El
635 3542 739 3603 πίομαι,
760 3539 803 3592 val
817 3537 840 3592 si
852 3553 911 3592 eam
925 3537 1069 3592 lectionem
1083 3533 1242 3604 probaveris
1256 3551 1340 3602 quam

271 3624 344 3679 solus
369 3623 467 3679 Mutin.
486 3624 600 3691 praebat
618 3623 764 3689 Ἐμπὶομαι
789 3628 884 3692 (quam
903 3625 926 3679 si
945 3624 1058 3690 tuearis,
1084 3623 1144 3678 fieri
1163 3638 1217 3677 non
1236 3628 1341 3689 potest,

271 3712 336 3780 quin
349 3712 452 3767 scribas
464 3709 631 3777 μελεδαίιων
645 3719 741 3767 contra
753 3713 872 3768 eiusdem
886 3715 943 3767 cod.
958 3712 1161 3767 auctoritatam.
1191 3711 1229 3763 Et
1240 3708 1342 3764 dubito

272 3815 352 3867 quam
364 3805 447 3854 recte.
473 3799 566 3866 Neque
582 3799 653 3854 enim
666 3807 731 3868 apte
744 3797 802 3851 ἀλλ’
815 3799 986 3871 ὀλοφύρομαι
1003 3798 1172 3868 participiali
1185 3796 1343 3852 sententiae

272 3887 393 3942 succedit
411 3904 469 3943 mac
488 3891 589 3956 sensu).
626 3890 776 3944 Praeterea
794 3889 918 3944 sodalicii
936 3888 1068 3943 nobilium
1087 3886 1250 3955 participem
1269 3887 1295 3939 h.
1316 3901 1344 3942 e.

273 3977 455 4032 combibonarn
474 3977 528 4032 iarn
547 3993 630 4044 supra
648 3994 709 4033 aum
728 3979 774 4045 qui
792 3978 916 4046 loquitur
930 3977 1100 4047 agnovimus,
1119 3992 1180 4053 curn
1192 3989 1342 4043 pauperem

273 4081 301 4120 sa
319 4065 490 4133 profiteatur.
522 4066 599 4132 Quod
619 4064 735 4119 alicuius
753 4066 882 4121 momenti
902 4071 953 4130 ast,
972 4065 1036 4133 quia
1055 4063 1164 4132 saepius
1180 4062 1285 4117 nobiles
1296 4061 1345 4116 illi

273 4151 361 4206 nostri
373 4153 401 4208 in
414 4151 587 4220 paupertatis
600 4152 709 4218 querela
723 4159 876 4220 versantur,
896 4157 1024 4220 utsupra
1038 4152 1155 4207 vidimus
1174 4149 1258 4222 (conf,
1272 4152 1288 4221 ᾗ
1322 4154 1344 4220 ).
