2934 4882
239 491 280 555 76
327 489 343 559 ξ
365 489 405 545 17.
434 488 574 558 Quomodo
592 488 715 544 accidere
734 487 864 556 potuerit,
884 492 916 542 ut
934 492 1030 542 nostra
1048 486 1154 556 sylloge
1173 493 1228 544 atu

236 687 267 751 p.
283 669 359 744 138)
384 667 421 731 de
443 668 535 750 poeta
551 665 683 748 quodam
701 664 870 730 Eretriensi
886 664 1007 746 cogitat
1022 665 1075 748 qui
1090 685 1138 733 vv.
1152 667 1315 738 aer-94

237 793 381 857 campum
406 773 583 838 Lelantium
614 774 764 837 amissum
788 773 943 855 queratur.
991 772 1026 835 ln
1049 790 1085 836 eo
1108 773 1192 837 enim
1216 768 1314 853 bello,

237 880 316 964 quod
348 879 485 962 antiquis
519 878 684 943 admodum
713 879 904 961 temporibus
927 879 1011 943 inter
1034 877 1255 946 Chalcidenses
1279 883 1316 946 et

239 985 432 1050 Eretrienses
456 983 493 1047 de
517 985 585 1048 eius
607 983 709 1066 campi
731 983 925 1066 possessione
948 986 1073 1065 gestum
1098 986 1156 1062 est,
1185 986 1314 1068 Thucy-

238 1090 324 1156 dides
340 1092 353 1154 Ι
368 1094 409 1161 15
426 1091 541 1156 multas
562 1091 707 1155 civitates
722 1088 856 1155 Graecas
876 1089 914 1154 ab
930 1091 1063 1173 utraque
1078 1094 1166 1174 parte
1182 1092 1314 1157 stetisse

238 1198 287 1261 his
311 1198 413 1263 verbis
437 1200 587 1263 testatur:

371 1302 513 1384 μάλιστα
546 1302 580 1367 δὲ
608 1299 641 1379 ἐς
662 1301 718 1366 τὸν
741 1299 846 1364 πάλαι
869 1301 949 1365 ποτὲ
977 1298 1141 1384 γενόμενον
1168 1299 1314 1384 πόλεμον

330 1409 517 1473 Χαλκιδέων
540 1407 595 1470 καὶ
615 1403 800 1491 Ἐρετριέων
823 1406 878 1469 καὶ
904 1404 942 1468 τὸ
971 1401 1050 1469 ἄλλα
1070 1398 1256 1492 Ἑλληνικὸν
1278 1405 1314 1485 ἒς

329 1518 512 1598 ξυμμαχίαν
535 1512 691 1598 ἑκατέρων
714 1512 831 1598 διέστη.
1280 1499 1284 1505 ’

239 1623 325 1702 Quae
358 1624 526 1708 respiciens
549 1621 699 1687 Sitnlerus
721 1620 743 1684 l.
760 1621 781 1684 l.
810 1639 916 1685 omnes
940 1621 1037 1684 etiam
1061 1619 1207 1684 Graeciae
1232 1621 1313 1685 civi-

240 1732 322 1794 tates
346 1731 378 1794 in
403 1731 478 1795 duas
501 1736 606 1812 partes
628 1727 742 1801 abiisse
760 1727 843 1795 dicit.
881 1726 948 1806 Quo
968 1727 1071 1808 magis
1086 1727 1191 1802 miror,
1217 1728 1312 1809 quod,

240 1857 311 1901 cum
336 1838 512 1903 Corinthios
547 1856 582 1901 eo
618 1835 698 1900 bello
734 1834 912 1899 interfuisse
944 1836 1074 1912 statuat,
1108 1833 1314 1917 Megarenses

240 1943 434 2007 obliviscitur
458 1944 490 2005 et
512 1941 662 2023 neglegit.
708 1940 789 2003 Mihi
813 1959 865 2005 eos
889 1940 1011 2005 foedere
1036 1941 1068 2004 et
1087 1940 1219 2022 hospitio
1237 1959 1315 2004 cum

239 2045 344 2128 aliqua
383 2045 510 2109 civitate
545 2044 681 2109 Euboica
719 2064 797 2127 quae
832 2044 924 2108 illum
962 2064 1106 2128 campum
1139 2045 1316 2111 obtinuerit

241 2154 420 2218 coniunctos
462 2151 559 2217 fuisse
597 2150 668 2214 inde
712 2153 777 2216 veri
816 2151 1010 2216 simillimum
1049 2152 1096 2229 fit,
1136 2151 1217 2235 quod
1256 2154 1314 2235 qui

241 2277 288 2323 vv.
315 2260 468 2326 783-88
493 2258 591 2322 edidit
613 2276 646 2320 se
670 2258 827 2322 Euboeam
851 2276 970 2340 quoque
995 2261 1027 2321 et
1048 2258 1147 2322 vineis
1170 2259 1313 2340 opimum

239 2385 380 2448 campum
394 2365 448 2447 qui
460 2365 501 2428 ibi
514 2362 610 2429 fuerit
619 2364 733 2428 adiisse
745 2363 819 2427 dicit
829 2364 861 2426 et
870 2364 914 2426 ibi
925 2363 1142 2429 benevolenter
1149 2367 1315 2447 receptum

240 2490 308 2536 esse
332 2473 367 2534 ut
390 2469 461 2534 aliis
484 2470 561 2533 locis
585 2488 662 2551 quae
686 2468 824 2538 adiisset.
865 2469 962 2533 Venio
983 2470 1022 2534 ad
1038 2489 1091 2535 eos
1108 2489 1216 2535 versus
1233 2489 1315 2552 quos

241 2575 412 2659 designavi.
460 2576 629 2639 Videamus
652 2575 787 2658 primum
810 2595 886 2638 num
909 2595 958 2641 vv.
977 2576 1152 2644 1209—10
1167 2594 1196 2658 q.
1211 2595 1237 2639 s.

325 2680 439 2745 Αἴθων
461 2680 519 2761 μὲν
541 2686 631 2764 γένος
654 2676 730 2760 εἰμι’,
754 2678 850 2744 πόλιν
873 2675 901 2743 δ’
913 2676 1057 2760 εὐτείχεα
1082 2679 1186 2766 Oppius

375 2783 460 2861 οἰκῶ,
485 2784 641 2869 πατρῴας
663 2787 720 2871 γῆς
744 2783 978 2871 ἀπερυκόμενας

241 2895 274 2958 in
291 2894 521 2976 Megarensium
545 2893 683 2957 convivio
708 2893 758 2957 edi
780 2896 948 2976 potuerint.
988 2895 1103 2959 Thebis
1118 2894 1241 2958 habitat
1257 2895 1316 2977 qui

240 3001 285 3065 ibi
314 2999 461 3083 loquitur.
509 3000 676 3079 Quaeritur
707 3003 812 3065 autem
844 3021 919 3064 num
943 3001 1084 3065 Thebani
1112 2999 1160 3064 illi
1190 2999 1316 3065 fuerint

241 3108 352 3192 quibus
375 3107 448 3191 quid
464 3108 599 3173 hominis
615 3108 657 3172 sit
673 3109 824 3173 enuntiat.
857 3109 923 3190 ligo
940 3109 996 3172 hcc
1011 3108 1102 3190 plane
1118 3108 1312 3188 negaverim.

241 3214 410 3292 Quaerenti
433 3216 515 3278 enirn
537 3215 615 3278 mihi
640 3234 732 3297 quam
755 3216 794 3279 ob
818 3234 884 3278 rem
905 3233 1024 3297 quaque
1048 3214 1207 3279 occasione
1229 3211 1315 3277 illud

241 3321 459 3395 enuntiaverit,
484 3340 531 3385 vv.
549 3323 701 3389 err—22
728 3324 761 3385 et
776 3323 931 3389 ave—84
953 3322 986 3385 in
1009 3324 1146 3385 mentem
1169 3319 1314 3397 veniunt,

241 3428 351 3509 quibus
367 3428 515 3510 hospites,
533 3428 585 3510 qui
602 3427 728 3492 aliunde
745 3428 937 3504 advenerint,
954 3428 986 3491 in
1003 3428 1142 3493 convivio
1154 3424 1316 3491 salutatos

242 3552 309 3597 esse
335 3534 422 3597 nobis
445 3535 656 3617 persuasimus
680 3535 755 3617 (vid.
774 3536 792 3616 ξ
809 3535 853 3619 8).
900 3533 981 3612 Quid
1004 3535 1102 3616 igitur
1124 3532 1252 3610 mirum,
1286 3533 1316 3597 si

240 3638 289 3702 illi
313 3639 408 3705 etiarn
426 3641 478 3721 qui
494 3640 558 3703 sint
574 3641 709 3703 carmine
726 3644 878 3723 cantuque
896 3639 1064 3716 declarant,
1088 3659 1160 3704 oum
1176 3638 1317 3723 hospitis

242 3743 348 3820 luisse,
372 3747 408 3808 ut
423 3744 499 3809 illud
514 3745 721 3828 profiteretur,
744 3747 853 3811 multis
870 3746 1026 3829 Odysseae
1049 3746 1127 3810 locis
1147 3750 1317 3828 appareat,

240 3850 326 3915 velut
342 3853 366 3930 l,
380 3855 441 3922 169
453 3873 528 3936 sqq,
543 3853 596 3929 lv,
607 3855 650 3921 60
660 3872 737 3936 sqq,
750 3853 836 3930 XIV,
847 3857 889 3920 lb
900 3855 988 3935 squ?
1013 3851 1130 3931 Quodsi
1141 3850 1317 3933 hospitem,

241 3958 294 4039 qui
318 3959 442 4023 aliunde
466 3960 636 4036 advenerit,
659 3960 730 4024 istis
753 3961 894 4024 versibus
917 3959 1002 4041 loqui
1023 3961 1108 4022 recte
1123 3976 1205 4021 nunc
1222 3956 1318 4023 nobis

241 4066 402 4142 statuitur,
427 4084 498 4129 eum
521 4066 566 4129 ibi
589 4065 779 4131 habitavisse
802 4066 856 4129 ubi
880 4066 956 4129 haec
972 4065 1005 4128 in
1021 4065 1162 4130 convivio
1179 4063 1320 4129 ediderit

241 4168 428 4233 incredibile
467 4169 513 4234 fit.
575 4169 646 4233 Non
684 4171 782 4253 igitur
816 4171 971 4235 Thebanis
1008 4173 1086 4236 haec
1124 4170 1318 4236 enuntiavit.
