2934 4882
203 472 243 534 10
332 467 351 540 fi
370 469 395 523 2.
423 464 599 536 Praeceptivi
618 484 713 524 versus
732 468 830 536 quibus
850 469 954 537 Cyrnus
974 469 1136 537 appellatur.

199 645 344 709 καλεῖται
368 645 517 731 (σκολιόν)
541 645 576 710 δὲ
599 643 750 711 inculator.
784 648 892 732 Neque
916 649 1031 712 absunt
1051 651 1215 734 praecepta
1232 651 1272 716 ab

200 752 318 817 Atticis
335 752 439 818 scoliis
455 772 532 837 quae
549 755 730 820 Athenaeus
746 755 804 820 XV
820 775 850 837 p.
872 757 934 824 694
945 755 1102 825 o-toof.
1123 758 1271 834 servavit,

199 878 216 923 e
241 859 350 942 quibus
374 880 469 926 uuum
494 859 565 946 (14)
589 861 636 925 ita
660 861 821 926 sehabet:

285 959 441 1051 Ἀδμήτου
465 964 566 1049 λόγον,
591 956 616 1030 ιδ
639 962 747 1052 'eulpa
771 965 889 1047 μαθών
912 969 986 1044 τοῦς
1007 963 1156 1049 ἀγαθοὺς
1171 971 1269 1054 φίλει,

288 1073 351 1134 τῶν
374 1070 485 1136 δειλιῦν
512 1071 540 1135 δ’
560 1069 693 1153 ἀπέχου,
717 1073 809 1156 γνοὺς
832 1068 883 1137 ὅτι
907 1073 1025 1150 δειλοῖς
1048 1069 1141 1158 ὀλίγα
1164 1075 1267 1160 χάρις.

202 1179 286 1257 Quos
318 1199 426 1245 versus
457 1180 627 1264 posuimus,
661 1182 736 1264 quia
767 1179 859 1264 plane
890 1181 972 1246 idem
1004 1182 1049 1246 ibi
1079 1182 1271 1266 praecipitur

198 1289 293 1369 atque
317 1289 439 1352 nostrae
463 1287 600 1371 sylloges
623 1289 765 1353 versibus
791 1291 943 1356 101-02
968 1308 997 1371 q.
1022 1308 1045 1353 s.

290 1391 407 1478 Μηδεὶς
430 1393 458 1455 o’
471 1387 656 1478 ἀνθρώπων
680 1397 775 1477 πείσῃ
798 1393 894 1456 κοκδν
917 1389 1016 1476 ἄνδρα
1040 1393 1182 1478 φιλήσοι,

332 1497 450 1583 Κύρνε·
475 1503 507 1561 τί
529 1494 636 1562 ri’i'ou'
660 1495 775 1584 ὄφελος
798 1499 901 1575 δειλὸς
924 1493 1001 1584 ἀνὴρ
1025 1499 1120 1582 φίλος
1143 1495 1206 1571 ὤν;

198 1606 359 1670 Habemus
394 1606 493 1689 igitur
523 1606 739 1689 Theognideos
775 1624 880 1670 versus
912 1625 1024 1689 eosque
1055 1607 1269 1688 praeceptivos

198 1713 251 1795 qui
283 1713 319 1777 de
350 1731 441 1777 sensu
475 1714 636 1795 egregium
667 1716 699 1778 in
729 1713 856 1779 modum
884 1716 1058 1795 congruunt
1081 1731 1150 1775 cum
1174 1713 1268 1779 cantu

197 1819 360 1883 convivali.
393 1819 479 1884 Unde
494 1818 619 1883 illorum
635 1819 748 1884 saltem
764 1819 933 1886 convivalis
951 1821 1029 1884 ratio
1049 1818 1127 1883 mibi
1143 1816 1266 1901 quidem

196 1925 260 1990 iam
295 1925 459 2008 perspicua
495 1925 539 1988 fit.
594 1926 704 2009 Neque
735 1927 818 1990 enim
849 1946 934 1991 moro
967 1927 1052 1991 casui
1083 1926 1163 1989 banc
1192 1943 1266 1988 cou-

197 2032 375 2114 grueutiam
398 2032 573 2096 tribuerim.

289 2141 456 2220 Praecepta
479 2158 496 2203 a
521 2139 658 2203 carmine
682 2139 836 2204 convivali
859 2159 920 2204 nou
944 2138 1046 2203 aliena
1070 2137 1165 2201 fuisse
1189 2137 1267 2200 satis

196 2243 400 2328 probabiliter
422 2245 500 2309 mibi
524 2245 629 2322 videor
652 2247 802 2329 arguisse.
836 2246 923 2325 Quod
944 2247 972 2310 si
988 2265 1096 2315 verum
1112 2246 1168 2320 est,
1194 2242 1267 2306 iude

198 2349 337 2414 nonnihil
367 2349 447 2433 quod
478 2352 576 2433 ipsius
607 2354 718 2434 poetae
749 2353 841 2416 dictis
870 2352 977 2416 confisi
1001 2351 1168 2415 statuimus
1192 2368 1267 2413 con·

196 2454 347 2538 firmatur,
373 2458 586 2540 Theognidem
611 2477 646 2522 ea
670 2459 809 2523 carmina
832 2458 944 2541 quibus
961 2457 1094 2541 Cyrnum
1115 2455 1267 2520 allocutus

195 2565 245 2627 est
267 2564 305 2627 ad
329 2564 520 2629 convivalem
544 2583 634 2628 usum
659 2564 800 2629 edidisse.
839 2563 972 2631 Moralia
995 2565 1078 2628 enirn
1101 2566 1268 2646 praecepta

195 2668 360 2751 praecipue
383 2669 415 2731 in
439 2669 479 2733 iis
502 2670 617 2746 insunt,
649 2689 747 2753 neque
771 2689 830 2734 nou
855 2672 932 2745 erat,
956 2671 1036 2753 quod
1059 2672 1209 2735 Isocrates
1233 2670 1265 2734 in

197 2773 336 2839 oratione
353 2773 391 2837 ad
403 2775 562 2840 Nicoclem
575 2777 593 2858 ἓ
606 2776 702 2844 cede
714 2777 855 2851 Hesiodi,
873 2777 1071 2859 Theognidis,
1088 2775 1267 2859 Pbocylidis

195 2881 369 2962 praeceptis
381 2880 559 2964 loqueretur
571 2884 712 2949 voculam
724 2884 778 2948 ille
791 2885 914 2967 quidem
923 2902 1073 2966 usurpans
1082 2878 1264 2966 ὑποθῆκαι,

195 3004 326 3067 quocum
356 2986 498 3053 conferes
526 2989 606 3071 quod
638 2991 699 3072 ipsi
722 2990 895 3072 Theognidi
928 2988 1042 3053 dicitur
1066 3010 1093 3054 v.
1117 2991 1177 3055 ‘272
1208 2989 1266 3050 Σοὶ

195 3085 286 3173 δ’ἒγο)
320 3082 354 3156 εὖ
388 3100 530 3178 φρονέων
565 3093 791 3183 ὑποθήσομαι.
846 3097 978 3181 Eelogas
1014 3099 1118 3161 autem
1153 3094 1266 3177 quibus

195 3197 310 3281 aliquid
338 3201 547 3284 praecipietur
569 3205 625 3269 has
649 3205 823 3271 invenimus
847 3205 929 3268 inter
953 3222 1004 3268 eas
1028 3220 1104 3285 quae
1129 3199 1266 3283 Cyrnum

194 3304 367 3388 appellant:

195 3414 336 3489 ‘zv-co,
375 3416 518 3492 or-ee
554 3418 696 3495 oe-m,
734 3419 877 3494 vo-va
913 3391 1058 3492 ev-oe,
1099 3415 1264 3490 ror-oe,

200 3522 358 3600 reo-48,
376 3523 540 3598 159-60,
557 3525 621 3591 213
635 3527 722 3599 -14,
740 3521 1266 3600 219-20‚323-28,331—32‚

195 3626 358 3701 333-34,
376 3628 540 3703 335-36,
557 3629 621 3696 355
634 3632 722 3706 -58,
739 3631 804 3697 359
820 3627 1265 3708 -60,371-72,409-10,

64 3723 75 3743 '
194 3732 381 3810 sev-900,
411 3735 593 3810 trev—80,
619 3737 803 3804 1217—18.

194 3837 303 3918 Neque
326 3856 399 3903 vero
423 3859 529 3904 omnes
554 3841 796 3925 designavimus,
821 3842 875 3907 sed
892 3861 943 3907 ees
960 3843 1082 3906 tantum
1100 3840 1135 3903 de
1153 3837 1267 3921 quibus

194 3943 329 4007 dubitari
361 3965 419 4010 uon
452 3947 565 4028 potest.
612 3946 838 4011 Perscribimus
861 3947 918 4010 has
942 3944 1062 4021 deiude,
1095 3943 1267 4024 inquibus

190 4050 421 4145 praeceptivam
431 4052 495 4116 vim
504 4051 657 4134 quandam
667 4054 864 4136 percipimus,
877 4071 1066 4136 quamquam
1076 4050 1268 4133 imperativa

193 4153 293 4219 forma
317 4157 413 4226 abest.
