2934 4882
250 463 292 526 64
393 459 409 529 ξ
430 460 471 514 16.
501 458 561 514 Non
580 474 684 523 merum
702 459 866 530 florilegium
885 467 981 516 nostra
999 461 1105 530 sylloge
1123 466 1176 517 eat.

339 639 466 716 ‘Quibus
500 638 576 703 loeis
612 640 760 724 inspectis
795 641 862 723 quis
897 658 1010 723 quaeso
1041 641 1166 723 putabit
1197 643 1251 724 agi
1286 642 1324 707 de

250 746 414 811 scoliorum
437 746 523 828 poesi
534 747 560 808 ?’
649 797 652 803 r

249 854 315 937 llgo
331 853 397 917 'hoc
421 851 458 915 de
481 871 532 915 me
556 871 648 933 quam
672 852 806 916 maxime
830 850 1062 928 affirmaverim,
1080 851 1166 934 ‘quod
1191 852 1323 917 Pindari

249 958 350 1023 locum
375 958 498 1022 attinet.
547 959 584 1021 let
607 957 710 1026 miror.
735 956 814 1039 quod
838 957 1053 1021 antecedentia
1075 955 1203 1021 Pindari
1225 956 1323 1021 verba

249 1081 309 1127 non
341 1063 476 1145 respexit
499 1082 527 1144 q.
553 1083 578 1127 s.
610 1056 797 1143 ἀγλαΐζεται
827 1059 861 1124 δὲ
891 1061 942 1123 καὶ
971 1063 1126 1142 μουσικᾶς
1156 1057 1191 1124 ἐν
1214 1057 1320 1146 ἀώτῳ.

250 1168 369 1247 Quibus
392 1171 499 1251 aperte
524 1169 698 1233 declaratur
720 1169 871 1233 musicam
895 1170 994 1233 artem
1015 1168 1054 1234 ab
1070 1169 1110 1233 iis
1125 1188 1186 1234 non
1203 1168 1323 1234 afuisse

249 1293 328 1356 quae
351 1275 383 1337 in
407 1274 547 1338 convivio
572 1293 608 1338 ex
631 1277 769 1356 tempore
793 1274 890 1337 etiam
913 1277 945 1338 et
968 1274 1096 1340 fortuito
1112 1275 1230 1340 iactata
1246 1276 1320 1341 sint.

251 1379 444 1461 Quamquam
475 1379 552 1443 illud
583 1397 644 1443 non
668 1378 752 1442 cadit
775 1379 807 1443 in
830 1380 1002 1444 recentiora
1024 1382 1175 1462 tempora,
1208 1381 1322 1462 quibus

249 1504 317 1550 mos
340 1483 485 1550 cantandi
509 1484 633 1549 omnino
650 1483 785 1558 evanuit,
809 1483 855 1546 ita
871 1485 906 1547 ut
922 1484 1063 1549 dubitare
1079 1485 1193 1568 aliquis
1208 1488 1321 1569 possit,

250 1611 324 1656 num
348 1589 543 1674 Apollonius,
575 1608 645 1653 cum
679 1588 757 1652 dixit
776 1582 959 1670 ’ἀμοιβαδὶς
987 1592 1158 1670 prodromo,
1193 1594 1320 1655 cantum

250 1699 347 1763 otiam
378 1697 542 1780 designare
573 1696 720 1770 voluerit,
756 1714 826 1759 oum
858 1696 1066 1779 responsionis
1099 1715 1220 1761 morem
1253 1699 1322 1762 sine

250 1804 342 1869 dubio
366 1804 518 1884 attigerit.

250 2065 343 2150 516.
371 2063 456 2132 Non
476 2080 632 2129 merum
648 2060 889 2144 florilegium
910 2069 1051 2132 nostra
1068 2065 1226 2151 sylloge
1244 2074 1323 2137 est.

339 2210 383 2273 llr
406 2228 463 2273 usu
487 2205 638 2303 convivali
662 2209 799 2271 noemam
823 2227 846 2272 s.
870 2209 992 2274 fluxisse
1016 2228 1052 2274 eo
1076 2209 1201 2275 facilius
1226 2209 1324 2274 alicui

250 2315 509 2398 persuadebimus,
534 2333 593 2395 quo
617 2315 718 2396 magis
741 2333 810 2378 eam
826 2333 886 2379 non
907 2335 1027 2380 merum
1042 2315 1200 2398 elegiaeae
1217 2319 1324 2398 poesis

250 2421 452 2503 florilegium,
471 2439 538 2486 esse
570 2419 771 2483 manifestum
799 2421 832 2483 et
854 2422 1052 2504 perspicuum
1075 2424 1131 2487 est.
1177 2422 1213 2487 Id
1239 2423 1325 2505 quod

250 2530 365 2593 sentire
388 2527 542 2595 interdum
567 2526 632 2591 iam
651 2525 738 2590 nobis
755 2525 944 2591 videbamur.
977 2529 1084 2612 Neque
1101 2528 1183 2592 enim
1201 2531 1325 2595 temere

250 2653 286 2699 ea
310 2654 387 2716 quae
411 2633 450 2697 ab
474 2632 545 2696 aliis
568 2633 671 2713 poetis
696 2632 878 2717 deprompta
901 2636 974 2698 sunt
996 2638 1120 2718 recepta
1144 2653 1211 2700 esse
1231 2636 1325 2702 nobis

250 2738 443 2812 videbantur,
476 2737 528 2801 sed
562 2757 612 2804 vv,
637 2741 713 2814 315,
747 2739 799 2820 qui
822 2738 944 2804 Solonis
975 2743 1055 2817 sunt,
1082 2743 1113 2805 in
1147 2743 1325 2808 slasiotiois

251 2843 518 2925 deprehendimus,
544 2863 593 2907 vu.
611 2845 775 2921 bre—28,
793 2847 846 2927 qui
858 2845 979 2911 Solonis
995 2850 1077 2923 sunt,
1095 2851 1126 2912 et
1137 2848 1326 2915 Mimnermi

249 2946 319 3013 illos
342 2950 393 3032 qui
409 2949 480 3013 inde
496 2968 514 3013 a
533 2968 561 3012 v.
582 2951 668 3017 1017
685 2949 833 3033 leguntur
847 2953 880 3016 in
900 2955 1112 3036 symposiaois.
1152 2954 1210 3019 eui
1229 2974 1326 3038 argu-

249 3056 354 3119 mento
378 3054 440 3120 alia
464 3055 556 3121 adiici
581 3061 717 3139 possunt.
749 3058 985 3140 Epigrammata
1008 3062 1101 3136 enim,
1127 3061 1152 3123 si
1176 3061 1325 3127 vocabuli

249 3160 333 3224 illius
349 3163 507 3245 proprium
524 3164 556 3226 et
573 3164 735 3244 antiquum
752 3182 875 3228 sensum
892 3169 1078 3246 spectamus,
1100 3166 1189 3249 plane
1205 3168 1326 3234 absunt

249 3287 268 3332 a
299 3270 407 3332 nostra
434 3267 626 3344 collectione,
659 3271 801 3352 quamvis
833 3291 902 3335 eum
934 3273 993 3336 isto
1024 3274 1125 3355 poesis
1149 3292 1264 3354 genere
1291 3279 1325 3340 et

250 3372 287 3437 de
304 3374 440 3456 elegiaco
453 3376 554 3438 metro
568 3377 643 3439 etin
656 3377 996 3442 affectionebrevitatis
1009 3380 1190 3446 consentiat.
1217 3382 1325 3464 Atque

250 3478 379 3543 scolium
401 3480 432 3544 h.
454 3499 479 3546 e.
502 3482 656 3544 canticum
678 3483 837 3548 convivale
859 3484 891 3547 in
907 3504 943 3549 eo
960 3486 1040 3567 quod
1057 3485 1243 3551 brevitatem
1260 3487 1324 3553 sibi

250 3586 433 3666 exposcebat
453 3587 582 3650 etiamn
600 3589 756 3652 veteribus
772 3592 988 3672 grammaticis
1004 3612 1073 3656 cum
1091 3592 1324 3676 epigrammate

249 3690 487 3772 comparatur·.¹)
519 3692 581 3756 Cur
604 3694 702 3775 igitur
724 3695 841 3760 nullum
859 3697 1026 3763 Simonidis
1048 3698 1097 3762 vel
1113 3699 1325 3766 Anacreontis

250 3795 442 3878 epigramma
471 3798 503 3862 in
535 3817 570 3862 oa
602 3802 703 3865 exstat
726 3803 762 3865 ut
784 3803 817 3865 in
843 3803 1030 3885 Anthologia
1054 3803 1221 3869 Palatina?
1258 3807 1324 3870 Pro

253 3957 463 3971 v——————

339 4061 362 4127 ¹}
381 4060 450 4116 Vide
469 4062 643 4116 scholastiam
663 4065 698 4118 ad
712 4065 784 4119 Plat.
799 4067 882 4134 Gorg.
897 4082 921 4132 p.
936 4067 986 4120 lor
1007 4082 1035 4121 e:
1055 4067 1181 4134 εἰρῆσθαι
1201 4063 1230 4116 δὲ
1250 4065 1323 4119 αὐτὸ

249 4146 359 4198 σκολιὸν
383 4150 440 4200 κατ’
461 4150 629 4219 ἄπντίφρασιν,
656 4151 698 4203 ὅτι
722 4151 800 4223 ῥᾴδια
824 4158 868 4204 καὶ
892 4153 1042 4222 ὀλιγόστιχα
1062 4153 1098 4209 ὠς
1117 4155 1324 4224 ἐπιγράμματα.
