2934 4882
194 496 236 559 26
460 495 477 562 g
495 493 520 547 l.
548 490 689 548 Stasiotici
708 497 737 548 et
755 491 880 547 sodalicii
898 507 1001 549 versus.

193 673 254 751 Qui
276 690 383 737 versus
412 689 431 735 a
455 668 565 734 Solone
588 667 764 751 deprompti
787 671 862 734 sunt
884 688 983 753 neque
1006 671 1113 736 tamen
1139 672 1269 745 temero,

193 778 220 842 si
252 777 325 861 quid
360 776 522 852 sentimus,
556 774 589 838 in
621 777 760 840 nostram
784 775 925 859 syllogou
949 774 1106 860 recepti.¹)
1157 775 1268 842 Virtus

194 884 316 949 divitiis
340 883 505 966 opponitur
528 883 560 945 ct
584 880 792 963 Theognideis
816 881 865 946 his
889 881 1042 947 versibus:

195 991 363 1058 149—50:
388 985 546 1074 Χρήματα
561 985 619 1066 μὲν
635 984 759 1067 δαίμων
774 987 828 1050 καί
846 985 1006 1072 παγκάκῳ
1021 981 1112 1071 α’νδρὶ
1127 985 1265 1056 δίδωσιν,

430 1086 536 1177 Κύρν’,
561 1087 671 1177 ἀρετῆς
694 1086 722 1154 δ’
739 1087 859 1175 ὀλίγοις
880 1088 1016 1178 ἀνδράσι
1037 1087 1124 1178 μοῖρ’
1142 1091 1267 1159 ἕπεται.

284 1199 402 1267 Deinde
418 1219 488 1265 oum
504 1184 541 1263 et¹
551 1199 706 1263 iustitiam
722 1200 846 1265 virtutis
864 1201 987 1265 nomine
1003 1200 1266 1286 comprehendere

194 1308 283 1373 uobis
306 1307 400 1372 liceat
421 1325 477 1390 per
499 1306 555 1371 hos
578 1324 699 1371 versus:

195 1417 361 1482 147—48:
386 1406 439 1476 Ἐν
463 1410 497 1475 δὲ
520 1409 704 1496 δικαιοσύνῃ
736 1411 914 1498 συλλήβδην
945 1407 1026 1477 πᾶσ)
1049 1406 1149 1497 ἀρετή
1176 1406 1265 1483 ’σιιν,

450 1519 518 1593 πᾶς
540 1515 575 1579 δέ
598 1511 626 1579 τ’
650 1511 726 1604 ἀνὴρ
750 1512 888 1600 ἀγαθός,
914 1516 1021 1602 Κύρνε,
1047 1515 1173 1594 δίκαιος
1195 1515 1263 1592 ἒιίν,

194 1627 364 1694 465-66τ
388 1619 481 1707 'App'
500 1619 596 1708 ἀρετῇ
611 1628 731 1708 τρίβου,
756 1628 811 1687 καί
834 1647 885 1689 σοι
905 1623 946 1688 ιδ
962 1622 1070 1687 δίκαια
1086 1619 1158 1708 φίλ’
1174 1624 1264 1698 ἕσσω,

429 1729 509 1816 μρδέ
531 1749 566 1793 σε
589 1727 707 1792 νικάτω
730 1728 847 1814 κέρδος,
873 1725 919 1794 δι’
946 1725 1077 1812 αἰσχρὸν
1100 1728 1149 1816 ἔῃ,
1344 1794 1347 1799 .

193 1837 273 1902 illud
304 1835 493 1902 attendimus
527 1835 606 1918 quod
630 1837 662 1900 in
686 1835 746 1901 fine
770 1854 913 1901 versuum
937 1839 1092 1906 743-52
1115 1843 1211 1921 poeta
1233 1838 1263 1903 id
1345 1906 1347 1933 Ι

194 1961 288 2026 aegre
311 1941 382 2018 fert,
410 1942 492 2025 quod
516 1938 558 2004 ‘oi
581 1940 709 2004 δίκαιον
734 1942 839 2026 iuopia
861 1945 1052 2027 premantur,
1081 1963 1154 2010 oum
1178 1940 1264 2030 *ἀνὴρ
1345 1950 1347 1979 ³

193 2047 305 2124 ἄδικος
327 2047 380 2111 καὶ
403 2042 603 2123 ἀτάσθαλος
630 2048 748 2114 divitiis
764 2048 924 2114 abundans
948 2050 1094 2115 iniuriose
1119 2051 1263 2117 exsultet.
1345 2052 1347 2059 ’

195 2156 317 2221 Dixeris
340 2153 451 2220 morali
476 2171 567 2218 sensu
585 2172 636 2218 eas
653 2173 743 2219 voces
759 2155 803 2219 ibi
819 2154 1046 2237 intellegendas
1062 2175 1143 2222 esse.
1173 2159 1264 2238 Quod

194 2281 255 2328 non
267 2281 358 2345 nego,
371 2280 558 2345 quamquam
571 2260 723 2343 usitatum
735 2260 812 2325 illud
826 2280 946 2345 quoque
958 2261 1053 2326 fuisse
1066 2263 1263 2341 contendens,

194 2372 229 2433 ut
252 2353 371 2432 nobiles
394 2387 449 2451 pro
472 2369 573 2445 iustis,
597 2367 761 2450 populares
784 2386 838 2450 pro
862 2368 988 2433 iniustis
1011 2371 1262 2436 aestimarentur.

193 2476 340 2558 Legimus
364 2475 446 2539 enim
470 2494 499 2541 v.
514 2479 577 2542 45:

284 2579 381 2666 δῆμόν
404 2603 437 2643 τε
460 2583 622 2664 φθείρουσι
646 2578 736 2655 δίκας
758 2574 787 2642 τ’
811 2574 951 2643 ἀδίκοισι
968 2578 1105 2660 διδιοσιν

194 2688 226 2750 et
251 2706 279 2754 v.
298 2691 340 2754 54
372 2686 426 2750 ubi
459 2685 497 2750 de
528 2686 729 2769 popularibus
760 2688 865 2770 agitur
888 2688 940 2769 qui
963 2689 1123 2771 coeperint
1147 2691 1264 2774 aliquid

193 2791 226 2854 in
250 2791 429 2874 republica
453 2791 571 2857 valere:

283 2897 313 2963 οἱ
336 2895 456 2985 πρόσθ’
483 2897 557 2964 οὔτε
580 2898 671 2976 δίκας
693 2897 809 2985 ᾔδεσαν
832 2898 905 2964 οὔτε
928 2898 1052 2980 νόμους.

194 3006 362 3072 Artissime
397 3007 498 3089 igitur
532 3008 628 3072 etiam
661 3008 693 3072 in
728 3007 856 3073 vocibus
891 3005 1023 3084 δίκαιος,
1059 3003 1173 3083 ἄδικος
1196 3027 1266 3072 oum

193 3114 303 3179 morali
338 3133 430 3179 sensu
461 3114 606 3199 politicus
636 3114 816 3179 coniunctus
847 3116 926 3192 erat,
960 3113 991 3177 id
1016 3114 1096 3196 quod
1120 3115 1154 3177 in
1179 3132 1266 3179 voces

192 3213 330 3301 ἀγαθός,
344 3218 449 3297 κακός,
461 3218 591 3298 ἐσθλός,
605 3219 709 3295 δειλός
721 3221 829 3284 cadere
843 3239 936 3303 supra
947 3219 1034 3283 nobis
1044 3221 1265 3303 persuasimus.

193 3326 407 3409 Respiciamus
441 3329 472 3390 et
501 3347 551 3393 vv.
569 3329 733 3404 lodo—26,
765 3328 816 3410 qui
846 3327 879 3390 in
912 3324 1041 3390 eandem
1074 3327 1266 3391 sententiam

194 3429 268 3494 dicti
299 3434 373 3495 sunt
402 3433 495 3513 atque
525 3431 584 3508 illi,
617 3433 678 3497 uisi
708 3433 788 3516 quod
812 3452 918 3497 rursus
943 3430 980 3496 de
1004 3432 1093 3497 bonis
1117 3434 1150 3497 et
1173 3433 1267 3498 malis

193 3534 237 3600 ibi
260 3537 354 3601 verba
377 3537 471 3600 fiunt!

285 3640 347 3703 Καὶ
369 3639 430 3724 γάρ
453 3665 503 3705 τοι
525 3641 666 3707 πλοῦτον
689 3643 747 3725 μὲν
769 3643 852 3725 ἔχειν
875 3639 1052 3726 ἀγαθοῖσιν
1075 3640 1187 3718 ἔοικεν,

326 3737 344 3829 ἡ
370 3749 463 3831 πενίη
487 3745 521 3809 δὲ
544 3749 630 3831 κακῴ
653 3747 818 3833 σύμφορος
841 3744 932 3833 δνδρὶ
955 3751 1071 3832 φέρειν.

282 3851 369 3917 Haeo
400 3854 504 3920 omnia
533 3854 674 3920 sodalicii
698 3855 829 3920 alicuius
853 3855 1003 3921 nobilium
1026 3857 1170 3920 carmina
1195 3876 1270 3923 con-

193 3957 307 4021 vivalia
341 3958 436 4026 fuisse
468 3962 692 4027 contendimus.
741 3962 781 4026 El
814 3967 955 4027 tenemus
987 3961 1031 4024 ibi
1064 3961 1121 4027 ubi
1151 3963 1187 4028 in
1210 3983 1270 4028 usu

285 4101 304 4166 ¹)
325 4101 454 4158 Videmus
479 4100 577 4170 igitur,
601 4101 631 4155 id
656 4102 729 4169 quod
752 4101 858 4168 plenius
882 4100 966 4156 etiam
984 4099 1063 4154 uobis
1082 4103 1272 4172 perspicietur

192 4188 221 4255 (ἕ
243 4187 298 4256 16),
317 4205 371 4244 non
389 4206 493 4245 merum
512 4188 677 4257 florilegium
696 4196 818 4244 nostram
837 4206 858 4243 s.
877 4205 936 4244 esse
954 4188 1096 4257 elegiacos
1116 4193 1219 4260 possis.
