2934 4882
552 456 641 531 vlla
664 454 902 530 murronis.

274 693 368 752 Natus
399 710 466 751 sum
496 692 648 770 Johannes
675 690 840 750 Guilelmus
871 688 1045 749 Franziscus
1074 690 1270 752 Wandorli
1379 670 1381 674 Ι

195 793 335 852 Calendis
350 790 532 866 Septembris
546 808 574 850 a.
589 790 673 847 LXII
688 788 799 847 saeculi
813 788 944 846 defuncti
966 788 1067 846 Sedini
1081 790 1266 850 Pomeranus

195 897 279 967 patre
310 891 450 964 Hugone,
480 894 656 956 mercatore,
688 894 783 944 matre
815 886 903 944 Clara
933 887 972 943 de
992 893 1079 961 gente
1099 887 1267 953 Lehmann.

197 989 281 1047 Fidei
311 987 447 1045 addictus
493 1004 559 1044 sum
595 985 792 1059 evangelicae.
844 984 935 1042 Urbis
956 984 1085 1058 -patriae
1121 988 1267 1060 gymnasii

195 1086 309 1144 Mariae
324 1085 479 1159 disciplina
493 1090 548 1157 per'
561 1080 700 1141 undecim
718 1100 813 1140 annos
839 1075 909 1140 usus
928 1100 997 1140 vere
1022 1083 1092 1140 anni
1110 1083 1267 1143 LXXXIII

195 1184 371 1241 maturitatis
402 1182 571 1240 testimonio
602 1182 770 1256 instructus,
801 1187 834 1239 ut
864 1176 974 1238 stridfis'
988 1172 1204 1239 mathematicIs
1236 1190 1267 1242 et

195 1282 323 1357 physicis
362 1298 485 1355 operam
520 1281 632 1348 darem,
672 1279 893 1349 universitatem
932 1278 992 1337 adii
1011 1272 1267 1354 'Friburgensem

196 1379 396 1454 Sequentibus
428 1379 546 1435 duobus
578 1378 771 1435 semestribus
791 1376 990 1433 Berolinensis
1021 1390 1181 1452 rursusque
1203 1378 1266 1435 Fri·

197 1477 352 1551 burgensis
380 1475 585 1543 universitatis,
607 1475 800 1549 sequentibus
826 1481 953 1548 quatuor
973 1473 1173 1532 berolinensis
1194 1475 1265 1533 civis

198 1575 247 1634 fui.
289 1574 405 1644 Quarto
421 1573 557 1630 semestri
578 1573 667 1630 etiam
682 1572 860 1646 philologica
881 1578 911 1630 et
927 1572 1153 1647 archaeologica
1167 1574 1266 1631 studia
1378 1630 1384 1639 ,

196 1674 348 1745 amplexus
370 1690 445 1740 sum,
478 1652 585 1746 quibus
617 1671 726 1747 deinde
746 1688 841 1744 usque
872 1671 912 1726 ad
943 1670 1102 1744 septimum
1123 1678 1266 1728 semestre

196 1775 289 1826 toturn
312 1789 361 1826 me
389 1770 467 1827 dedi.
508 1770 552 1825 Fn
585 1787 645 1842 quo
677 1774 822 1842 ternpore,
852 1767 982 1825 Berolini
1013 1767 1159 1838 habitans,
1178 1768 1267 1826 desii

197 1868 331 1941 longiore
352 1868 505 1923 intervallo
532 1867 754 1923 universitatem
776 1865 974 1939 frequentare,
1006 1865 1060 1921 nisi
1081 1866 1163 1939 quod
1194 1866 1265 1922 inde

196 1966 235 2020 ab
257 1972 400 2020 autumno
422 1984 449 2022 a.
464 1964 632 2020 LXXXVII
652 1981 706 2036 per
720 1964 775 2019 tria
790 1964 944 2019 semestria
963 1962 1137 2020 sanseriticis
1153 1962 1264 2019 scholis

194 2061 320 2118 interlui.
343 2061 480 2117 Privatim
511 2068 611 2116 autem
633 2061 782 2135 quaedam
814 2061 936 2117 tractavi
957 2059 1137 2133 nimiumque
1163 2059 1199 2116 iis
1220 2060 1266 2116 In-

197 2165 295 2216 tentus
317 2158 366 2232 lui,
399 2176 477 2233 quae
503 2161 542 2215 ab
564 2158 739 2215 academica
760 2159 974 2215 consuetudine
1005 2157 1166 2215 remotiora
1187 2164 1266 2215 sunt.
1290 2210 1294 2215 .

195 2257 283 2326 Quae
314 2256 421 2330 qualia·-
435 2256 541 2314 luerint
572 2256 655 2314 titulo
687 2257 753 2313 libri
785 2275 864 2314 anno
886 2253 1081 2313 LXXXIXa
1112 2272 1161 2313 me
1191 2255 1263 2313 editi

194 2355 349 2424 indicatur,
381 2356 428 2412 cui
454 2355 602 2428 inscripsi:
634 2355 798 2429 Erkl‘arung
828 2357 901 2411 aller
922 2353 1103 2427 Mythologie
1124 2370 1178 2411 aus
1209 2353 1263 2411 der

194 2453 350 2510 Annahme
363 2453 416 2509 der
426 2453 590 2527 Erringung
602 2452 958 2526 desSprechvenndgens.
981 2452 1069 2509 Anno
1081 2450 1264 2510 LXXXVIII

194 2568 318 2608 uxorem
339 2552 491 2619 duxeram,
524 2569 602 2625 quae
633 2569 681 2608 res
702 2553 795 2608 altera
821 2568 912 2608 causa
933 2550 995 2619 fuit,
1027 2556 1059 2607 ut
1090 2550 1265 2608 academico

194 2649 292 2705 studio
315 2649 497 2708 desisterem.
541 2648 633 2718 Quod
647 2656 747 2706 tamen
769 2646 941 2706 inchoatum
956 2648 1123 2706 deseruisse
1143 2653 1264 2722 postero

195 2753 329 2818 tempore
349 2764 398 2802 me
424 2747 577 2818 poenituit,
609 2765 770 2821 rursusque
800 2765 868 2803 vere
890 2767 916 2806 a.
939 2746 1036 2804 XCIV
1067 2746 1263 2803 univcrsitatis

195 2843 394 2899 Berolinensis
409 2843 479 2899 civis
494 2843 588 2899 iactus
605 2861 679 2912 sum,
695 2864 713 2900 a
728 2862 787 2918 quo
803 2851 938 2918 tempore
952 2863 1006 2918 per
1034 2844 1260 2919 quatuordecim

195 2941 348 2998 semestria
370 2941 478 2998 scholis
499 2941 683 3015 philologieis
709 2943 738 2999 in
761 2943 861 3015 primis
883 2950 913 3000 et
933 2943 1112 3000 sanscriticIs
1133 2941 1259 3000 interfui·

194 3039 328 3096 Examen
349 3039 514 3113 rigorosum
536 3041 659 3097 sustInui
682 3041 730 3096 die
751 3041 822 3097 XIV
843 3061 882 3101 m.
904 3041 972 3117 Julii
993 3060 1020 3100 a.
1047 3041 1077 3096 II
1098 3040 1126 3100 h.
1147 3056 1170 3096 s.

277 3138 452 3196 Docuerunt
472 3156 521 3195 me
535 3139 689 3196 clarissimi
699 3145 729 3195 et
743 3139 931 3196 eruditissimi
952 3138 1004 3195 viri
1019 3138 1145 3212 Curtius,
1168 3130 1264 3211 Diels,

195 3235 322 3308 Dilthey,
344 3235 450 3309 Fucbs,
467 3235 692 3309 Furtwaengler,
708 3234 850 3304 Geldner,
877 3235 979 3304 Graef,
994 3235 1130 3303 Hettner‚
1145 3232 1263 3291 Kekule

193 3334 233 3389 de
254 3332 430 3401 Stradonitz,
451 3333 614 3401 Kirchhoff,
640 3334 835 3401 Lindemann,
857 3333 978 3407 Liiroth,
1001 3333 1096 3402 Maas,
1129 3324 1263 3401 Perni'c'e,

193 3430 360 3498 Puchstein,
395 3430 523 3504 Robert‚
559 3430 718 3505 Schrader,
754 3432 835 3505 Sieg,
871 3431 1099 3506 Stickelberger,
1133 3430 1261 3499 Vahlen,

195 3527 351 3602 Warburg,
374 3527 494 3601 Weber,
516 3528 639 3596 winter,
661 3529 765 3586 Zeller.

274 3623 391 3693 Quibus
424 3626 562 3682 omnibus
599 3628 706 3700 gratias
743 3644 861 3700 semper
892 3627 1027 3695 habebo,
1059 3627 1267 3700 maximasque

194 3720 356 3789 Geldnero,
378 3720 572 3790 Kirchhoffio,
593 3723 739 3791 Vahleno,
760 3721 828 3780 viris
842 3725 953 3798 optIme
965 3725 1004 3780 de
1014 3740 1063 3779 me
1075 3723 1196 3780 meritIs.
1239 3723 1268 3779 E

194 3819 302 3892 quibus
323 3817 523 3875 Kirchhoffius
544 3821 574 3876 id
596 3820 666 3876 mihi
691 3822 832 3893 permisit,
866 3827 898 3878 ut
920 3820 1181 3878 exercitationibus
1204 3820 1268 3894 epi·

194 3916 352 3991 graphicis,
385 3935 459 3991 quas
491 3918 672 3992 Instituebat,
704 3919 887 3979 interessem.
934 3918 1017 3976 Illius
1047 3924 1205 3990 praeterea
1237 3925 1269 3977 et

194 4015 320 4072 Vahleni
341 4015 549 4073 benevolentia
570 4022 713 4073 autumno
735 4037 761 4073 a.
784 4016 881 4074 XCIV
902 4019 932 4073 In
954 4016 1146 4074 semInarium
1167 4017 1267 4089 philo·

190 4114 319 4188 logicum
332 4121 470 4187 receptus
491 4132 566 4183 sum,
589 4115 671 4171 cuius
693 4133 748 4188 per
763 4116 895 4190 quinque
910 4115 1065 4173 semestria
1086 4114 1197 4172 sodalis
1212 4114 1267 4175 ful.

620 4326 831 4334 —-—————-—
