2934 4882
196 490 216 552 6
655 483 805 540 Praefatio.

195 665 290 730 etiam
315 663 467 747 Bergkius
498 663 641 745 agnoscit
672 663 707 745 (l.
730 662 751 729 1.
774 683 804 747 p.
829 664 922 746 236),
955 681 1026 728 cum
1057 663 1094 727 de
1126 666 1265 747 tempore

194 769 295 835 multo
326 770 440 835 rectius
472 768 590 834 iudicet
622 788 693 834 mea
723 770 887 834 sententia.
943 769 1077 834 Veretur
1110 771 1192 834 enim
1224 771 1265 836 ad

194 877 369 941 recentiora
385 878 525 959 tempora
547 875 637 940 illum
653 876 894 957 grammaticum
914 874 1039 953 referre,
1063 895 1135 941 cum
1149 877 1265 942 iisdem

194 983 331 1066 partium
347 982 459 1047 studiis
474 983 569 1047 otiam
586 984 678 1064 etque
691 982 849 1064 Theognis
865 982 988 1047 deditus
1004 981 1099 1048 fuisse
1111 982 1264 1060 videatur,

196 1106 273 1171 quae
292 1087 433 1171 partium
456 1086 561 1152 studia
584 1105 645 1171 quo
668 1089 806 1171 tempore
827 1087 1010 1152 Macedones
1032 1090 1265 1171 praevaluerint

194 1195 258 1259 iam
289 1194 430 1277 obsepita
460 1193 555 1259 fuisse
589 1193 664 1259 dicit
686 1194 720 1259 in
749 1193 930 1259 ciuitatibus
954 1192 1091 1259 Graecis.
1138 1197 1205 1275 Qus
1230 1198 1263 1262 in

194 1299 430 1365 ratiocinatione
457 1301 494 1364 ut
517 1298 634 1382 aliquid
659 1300 722 1363 veri
745 1300 846 1364 inesse
870 1317 1050 1382 persuasum
1074 1302 1183 1379 habeo,
1215 1305 1262 1368 ita

195 1406 232 1471 de
255 1406 470 1488 grammatico·
483 1405 621 1471 dubitem
646 1407 699 1488 qui
718 1405 879 1488 politicum
897 1405 1091 1471 intellectum
1107 1409 1261 1475 habuerit.

195 1511 384 1577 Crediderim
414 1512 519 1594 potius
547 1531 583 1576 ex
606 1532 665 1577 usu
688 1512 841 1578 convivali
864 1513 943 1576 trano
966 1511 1105 1595 syllogen
1128 1516 1260 1595 fluxisse,

193 1617 284 1701 idque
312 1637 400 1701 spero
431 1637 481 1683 me
511 1619 556 1684 ita
589 1637 656 1684 asso
687 1619 978 1694 demonstraturum,
1012 1621 1200 1704 etamplius
1225 1621 1262 1686 do

194 1743 230 1789 ea
252 1743 286 1788 re
309 1724 444 1790 dubitari
464 1744 524 1791 non
539 1725 648 1808 possit.
678 1724 808 1789 Discedo
825 1724 923 1807 igitur
939 1724 971 1788 in
989 1744 1058 1788 earn
1074 1727 1263 1791 sententiam

194 1848 286 1912 quam
302 1829 564 1896 Reitzensteinius
587 1832 618 1895 in
642 1849 678 1897 eo
698 1830 804 1896 libello
822 1832 872 1895 cui
888 1832 1045 1914 inscripsit
1069 1832 1263 1913 ‘Epigramm

193 1934 256 1999 und
280 1933 416 2001 Skolion'
447 1937 520 2001 inde
546 1958 566 2001 a
589 1957 618 2021 p.
644 1939 682 2004 71
710 1937 790 2002 haud
814 1937 929 2002 intecto
953 1938 1083 2019 aperuit.
1130 1937 1191 2016 Qui
1214 1939 1264 2003 vir

194 2041 310 2122 doctus,
333 2043 369 2106 nt
392 2041 453 2106 fuit
476 2041 626 2107 intentior
650 2040 877 2127 Alexandrinae
900 2041 997 2124 poesi,
1029 2043 1131 2124 magis
1154 2048 1262 2108 tamen

194 2167 263 2212 eam
297 2139 508 2223 adumbravit,=
539 2166 632 2230 quam
663 2150 698 2211 ut
727 2148 831 2213 omnia
862 2166 938 2230 quae
970 2147 1008 2212 ad
1039 2167 1106 2211 rem
1139 2148 1262 2213 faciunt

193 2257 335 2320 accurate
366 2255 596 2320 examinaverit.
644 2255 729 2334 Quae
760 2257 787 2320 si
809 2255 1050 2338 promptioribus
1074 2256 1155 2319 curis
1179 2276 1262 2320 nuno

191 2362 315 2444 assequi
350 2361 541 2437 conabimur,
577 2380 638 2427 non
672 2362 834 2444 ingratum
869 2381 945 2444 opus
980 2361 1135 2443 suscipere
1172 2364 1264 2427 nobis

192 2468 332 2534 ridemur
355 2488 454 2552 neque
477 2469 565 2533 uanis
590 2468 621 2533 in
645 2469 736 2532 rebus
760 2467 876 2532 frustra
900 2487 1024 2551 operam
1048 2466 1210 2537 collocare.
