2934 4882
573 459 589 530 ᾗ
609 461 651 514 13.
681 459 825 515 Parodiae.
1188 465 1231 529 49

160 638 337 704 hexameter
368 637 567 722 depromptus
601 640 658 715 est,
688 639 724 702 nt
753 638 811 702 hoc
843 637 997 703 distichon
1020 638 1120 717 fieret,
1150 638 1231 723 quod

159 743 300 808 versibus
327 747 500 814 llll-18
525 746 644 810 exstat:

154 863 155 866 ’
248 866 379 940 Πλοῦτε,
403 869 490 929 θεῶν
512 864 661 929 κάλλιστε
684 865 738 928 καὶ
763 862 966 951 ἱμεροέστατε
989 855 1128 941 πάντων,

293 971 351 1036 σὺν
373 973 425 1036 σοὶ
448 973 503 1036 καὶ
525 972 623 1048 κοινὸς
646 967 689 1035 dv
712 975 833 1054 γίνεται
856 969 976 1048 ἐσθλὸς
998 967 1083 1059 ἀνήρ.

160 1096 248 1160 locus
272 1098 355 1160 enirn
378 1096 514 1180 quidam,
539 1096 566 1159 si
589 1096 635 1159 ita
658 1094 837 1170 statuimus,
861 1095 951 1158 nohis
974 1097 1156 1178 perspicuus
1172 1098 1229 1162 est.

159 1200 219 1279 Qui
242 1202 387 1283 perediae
402 1203 545 1286 proprius
562 1203 648 1266 certe
665 1199 736 1277 fuit,
760 1219 859 1283 neque
876 1201 1065 1269 contrarium
1081 1201 1229 1272 accidisse

158 1307 353 1386 crediderim,
377 1309 414 1372 ut
437 1306 546 1372 erotici
569 1324 686 1384 versus,
718 1303 797 1387 quod
820 1304 923 1368 minus
946 1305 1085 1370 iocosum
1109 1306 1229 1389 fuisset,

157 1412 196 1478 ad
220 1412 349 1479 alterius
373 1413 501 1479 distichi
524 1410 680 1494 exemplar
703 1408 978 1477 conformarentur.
1020 1410 1100 1475 illud
1123 1413 1156 1476 in
1179 1414 1229 1478 his

157 1521 255 1584 etiam
294 1519 495 1595 attendimus,
535 1515 800 1581 accommodatam
835 1533 901 1579 esse
937 1517 1047 1580 horum
1086 1537 1230 1583 versuum

157 1627 348 1690 sententiam
381 1624 532 1689 nobilium
561 1622 687 1687 illorum
711 1622 870 1686 hominum
893 1622 1019 1704 ingenio
1043 1642 1173 1706 quorum
1196 1625 1229 1691 in

157 1749 251 1795 usum
274 1731 468 1796 convivalem
492 1732 615 1795 nostrae
640 1748 664 1795 s.
689 1730 827 1794 carmina
846 1728 930 1793 lacta
951 1748 1018 1792 esse
1034 1748 1127 1812 snpra
1142 1727 1176 1816 (ξ
1192 1730 1229 1817 4)

157 1834 247 1899 nohis
270 1837 491 1917 persuasimus.
526 1833 744 1899 Fastidiebant
767 1838 873 1899 autern
889 1834 947 1912 illi,
970 1838 1006 1899 nt
1021 1836 1065 1900 ihi
1081 1835 1227 1915 vidimus,

157 1938 296 2006 divitias.
343 1942 529 2007 Nobilitatis
560 1941 699 2005 studium
729 1942 780 2006 cui
810 1943 895 2007 iocus
918 1943 1045 2025 quidam
1067 1943 1228 2009 immixtus

157 2047 200 2111 sit
221 2049 379 2130 percipere
402 2066 492 2131 posse
517 2047 576 2111 tibi
601 2047 736 2111 videaris
761 2049 856 2112 etiam
880 2049 912 2112 in
928 2049 987 2113 hac
1004 2051 1133 2132 parodia
1150 2071 1227 2136 quae

156 2172 208 2220 vv.
236 2155 408 2223 1161-62
432 2156 547 2218 exstat:

251 2253 368 2321 Οὐδένα
392 2258 557 2345 θησαυρὸν
579 2253 779 2346 καταθήσειν
802 2260 916 2323 παισὶν
939 2256 1083 2340 ἀμεινον·

293 2360 434 2428 αἰτοῦσιν
457 2361 485 2428 δ’
497 2360 639 2449 ἀγαθοῖς
662 2361 823 2451 ἀνδράσιν,
850 2364 956 2451 Κύρνε,
982 2364 1079 2430 δίδου.

155 2488 218 2567 Qui
241 2507 349 2554 versus
372 2488 453 2554 haud
477 2489 570 2556 dubie
591 2492 658 2556 nati
682 2494 714 2556 et
737 2491 851 2557 detorti
875 2494 948 2556 sunt
971 2510 1007 2556 er
1023 2494 1112 2559 seriis
1128 2494 1226 2560 versi-

155 2595 212 2659 bus
235 2596 391 2665 409—10
415 2616 442 2680 q.
468 2616 492 2664 s.

248 2683 366 2763 Οάδένοι
390 2700 556 2786 θησαυρὸν
578 2701 693 2764 παισὶν
716 2700 888 2786 καταδήσῃ
911 2697 1029 2784 ἀμείνω

291 2802 411 2882 αἰδοῦς,
436 2800 483 2892 ἤι’
507 2801 648 2890 ἀγαθοῖς
671 2805 813 2894 ἀνδράσι,
840 2804 942 2893 Κύρν’,
967 2808 1090 2877 ἕπεται.

153 2928 306 2994 Parodiae
349 2930 447 3012 igitur
492 2931 599 2996 ludum
642 2952 658 2997 e
704 2952 787 2998 more
830 2935 984 3000 convivali
1022 2935 1118 3001 luisse
1156 2936 1225 3000 inde

154 3019 276 3118 quoqne
300 3040 457 3119 appareat,
483 3039 562 3120 quod
585 3039 688 3103 locum
712 3040 808 3104 hahet
829 3041 861 3104 in
882 3040 921 3104 iis
938 3042 1078 3105 versibus
1095 3059 1226 3122 quorum

154 3140 234 3205 ratio
266 3142 436 3208 convivalis
469 3143 593 3210 aliunde
617 3146 704 3212 nohis
727 3147 855 3213 constet.
903 3146 938 3209 ld
962 3145 1041 3228 quod
1065 3149 1224 3228 praeterea

154 3245 239 3311 cadit
267 3247 301 3313 iu
330 3249 388 3313 hoc
418 3269 475 3333 par
507 3250 723 3330 distichorum,
755 3270 833 3335 quae
863 3252 907 3316 ita
932 3254 1108 3335 comparata
1140 3254 1222 3328 sunt,

153 3351 394 3434 alterumutrum
416 3359 452 3420 ut
475 3357 603 3422 alterius
626 3358 753 3441 parodia
777 3379 835 3423 non
861 3378 927 3424 esse
951 3360 1098 3441 nequeat:

154 3474 391 3547 Vv.301-02:
409 3480 525 3564 Πικρδς
533 3482 587 3543 καὶ
596 3482 712 3564 γλοκδς
721 3479 795 3546 'luda
804 3483 858 3546 καὶ
868 3474 1031 3569 ἀρποιλέος
1038 3482 1092 3546 καὶ
1100 3476 1225 3568 ἀπηνής

450 3585 578 3672 idapem
601 3589 653 3652 καὶ
679 3588 799 3670 δμωσὶν
821 3593 942 3673 γείτοσι
964 3585 990 3651 v'
1017 3585 1223 3674 ἀγχιθύροις.

153 3689 306 3760 Vv.1353
314 3692 782 3777 -542Honpdguortydvnrlgdou
791 3696 844 3760 καὶ
854 3690 1018 3782 ἀρποιλὲος
1026 3695 1081 3758 καὶ
1089 3691 1223 3781 ἀπηνής,

450 3795 536 3882 ὄφρα
559 3800 679 3876 τέλειος
702 3799 748 3885 ἔῃ,
774 3799 882 3884 Κύρνε,
906 3805 1021 3864 νέοισιν
1044 3799 1140 3884 ἔρως·

151 3920 229 3985 Hos
244 3923 327 3986 enim
351 3927 528 4005 amatorios,
554 3926 626 3992 illos
650 3927 862 4009 praeceptivae
886 3943 991 3990 versus
1015 3925 1223 4006 agnoscimus.

152 4024 188 4089 ln
200 4029 403 4112 symposiaois
417 4031 526 4095 deinde
540 4030 797 4115 deprehendimus
809 4032 827 4112 ᾖ
841 4033 861 4098 7
874 4031 931 4095 hoo
943 4049 998 4114 par
1011 4029 1223 4106 distichorum,

151 4132 269 4218 inquo
293 4135 439 4219 parodiae
463 4137 542 4202 ratio
566 4139 713 4220 apparet:

1028 4241 1046 4294 4
