<?xml version="1.0" encoding="UTF-8"?>
<!DOCTYPE html PUBLIC "-//W3C//DTD XHTML 1.0 Transitional//EN"
    "http://www.w3.org/TR/xhtml1/DTD/xhtml1-transitional.dtd">
<html xmlns="http://www.w3.org/1999/xhtml" xml:lang="en" lang="en">
 <head>
  <title>
</title>
<meta http-equiv="Content-Type" content="text/html;charset=utf-8" />
  <meta name='ocr-system' content='tesseract 3.04.00' />
  <meta name='ocr-capabilities' content='ocr_page ocr_carea ocr_par ocr_line ocrx_word'/>
</head>
<body>
  <div class='ocr_page' id='page_1' title='image "./exusuconvivalit00wendgoog_0016.png"; bbox 0 0 2934 4882; ppageno 0'>
   <div class='ocr_carea' id='block_1_1' title="bbox 360 462 1295 559">
    <p class='ocr_par' dir='ltr' id='par_1_1' title="bbox 360 462 1295 559">
     <span class='ocr_line' id='line_1_1' title="bbox 360 462 1295 559; baseline -0.001 -16"><span class='ocrx_word' id='word_1_1' title='bbox 360 489 376 559; x_wconf 62' lang='grc' dir='ltr'>ᾗ</span> <span class='ocrx_word' id='word_1_2' title='bbox 395 490 420 545; x_wconf 81' lang='lat'><strong>2.</strong></span> <span class='ocrx_word' id='word_1_3' title='bbox 448 487 624 556; x_wconf 82' lang='lat' dir='ltr'><strong>Praeceptivi</strong></span> <span class='ocrx_word' id='word_1_4' title='bbox 642 504 737 544; x_wconf 85' lang='lat' dir='ltr'><strong>versus</strong></span> <span class='ocrx_word' id='word_1_5' title='bbox 755 487 853 555; x_wconf 88' lang='lat' dir='ltr'><strong>quibus</strong></span> <span class='ocrx_word' id='word_1_6' title='bbox 872 462 976 556; x_wconf 66' lang='lat' dir='ltr'><strong>Oprnus</strong></span> <span class='ocrx_word' id='word_1_7' title='bbox 994 488 1159 556; x_wconf 84' lang='lat' dir='ltr'><strong>appellatur.</strong></span> <span class='ocrx_word' id='word_1_8' title='bbox 1273 491 1295 555; x_wconf 82' lang='lat'>9</span> 
     </span>
    </p>
   </div>
   <div class='ocr_carea' id='block_1_2' title="bbox 190 666 1362 3939">
    <p class='ocr_par' dir='ltr' id='par_1_2' title="bbox 201 666 1297 2138">
     <span class='ocr_line' id='line_1_2' title="bbox 220 666 1296 750; baseline 0 -20"><span class='ocrx_word' id='word_1_9' title='bbox 220 667 418 734; x_wconf 85' lang='lat' dir='ltr'><strong>conversatio</strong></span> <span class='ocrx_word' id='word_1_10' title='bbox 441 667 607 750; x_wconf 75' lang='lat' dir='ltr'><strong>respuitur.</strong></span> <span class='ocrx_word' id='word_1_11' title='bbox 640 666 827 733; x_wconf 82' lang='lat' dir='ltr'>Videbimus</span> <span class='ocrx_word' id='word_1_12' title='bbox 851 668 966 743; x_wconf 87' lang='lat' dir='ltr'><strong>autom,</strong></span> <span class='ocrx_word' id='word_1_13' title='bbox 990 667 1123 750; x_wconf 89' lang='lat' dir='ltr'><strong>quaein</strong></span> <span class='ocrx_word' id='word_1_14' title='bbox 1147 686 1200 731; x_wconf 90' lang='lat' dir='ltr'><strong>ore</strong></span> <span class='ocrx_word' id='word_1_15' title='bbox 1221 686 1296 733; x_wconf 88' lang='lat' dir='ltr'><strong>con·</strong></span> 
     </span>
     <span class='ocr_line' id='line_1_3' title="bbox 227 760 1297 854; baseline -0.002 -15"><span class='ocrx_word' id='word_1_16' title='bbox 227 774 377 840; x_wconf 83' lang='lat' dir='ltr'><strong>rivalium</strong></span> <span class='ocrx_word' id='word_1_17' title='bbox 390 772 486 838; x_wconf 86' lang='lat' dir='ltr'><strong>fuisse</strong></span> <span class='ocrx_word' id='word_1_18' title='bbox 499 771 749 849; x_wconf 76' lang='lat' dir='ltr'><strong>credendumne,</strong></span> <span class='ocrx_word' id='word_1_19' title='bbox 762 790 798 837; x_wconf 90' lang='lat' dir='ltr'><strong>ea</strong></span> <span class='ocrx_word' id='word_1_20' title='bbox 808 760 904 836; x_wconf 90' lang='lat' dir='ltr'><strong>etiam</strong></span> <span class='ocrx_word' id='word_1_21' title='bbox 913 772 1102 837; x_wconf 75' lang='lat' dir='ltr'><strong>carminibus</strong></span> <span class='ocrx_word' id='word_1_22' title='bbox 1110 776 1297 854; x_wconf 82' lang='lat' dir='ltr'><strong>argumenta</strong></span> 
     </span>
     <span class='ocr_line' id='line_1_4' title="bbox 227 879 1296 963; baseline -0.002 -18"><span class='ocrx_word' id='word_1_23' title='bbox 227 881 358 946; x_wconf 86' lang='lat' dir='ltr'><strong>dedisse.</strong></span> <span class='ocrx_word' id='word_1_24' title='bbox 412 880 504 945; x_wconf 86' lang='lat' dir='ltr'><strong>Velut</strong></span> <span class='ocrx_word' id='word_1_25' title='bbox 533 879 618 944; x_wconf 82' lang='lat' dir='ltr'><strong>rixae</strong></span> <span class='ocrx_word' id='word_1_26' title='bbox 650 879 745 944; x_wconf 85' lang='lat' dir='ltr'><strong>etiem</strong></span> <span class='ocrx_word' id='word_1_27' title='bbox 775 881 808 944; x_wconf 90' lang='lat' dir='ltr'><strong>et</strong></span> <span class='ocrx_word' id='word_1_28' title='bbox 838 880 997 963; x_wconf 89' lang='lat' dir='ltr'><strong>hospitum</strong></span> <span class='ocrx_word' id='word_1_29' title='bbox 1029 879 1232 945; x_wconf 86' lang='lat' dir='ltr'><strong>salutationes</strong></span> <span class='ocrx_word' id='word_1_30' title='bbox 1264 881 1296 943; x_wconf 89' lang='lat' dir='ltr'><strong>et</strong></span> 
     </span>
     <span class='ocr_line' id='line_1_5' title="bbox 226 984 1295 1070; baseline -0.003 -19"><span class='ocrx_word' id='word_1_31' title='bbox 226 1007 312 1052; x_wconf 91' lang='lat' dir='ltr'><strong>mera</strong></span> <span class='ocrx_word' id='word_1_32' title='bbox 334 986 489 1070; x_wconf 87' lang='lat' dir='ltr'><strong>colloquia</strong></span> <span class='ocrx_word' id='word_1_33' title='bbox 511 985 542 1049; x_wconf 93' lang='lat' dir='ltr'><strong>in</strong></span> <span class='ocrx_word' id='word_1_34' title='bbox 568 987 661 1050; x_wconf 83' lang='lat' dir='ltr'><strong>cantu</strong></span> <span class='ocrx_word' id='word_1_35' title='bbox 685 985 838 1051; x_wconf 84' lang='lat' dir='ltr'><strong>convivali</strong></span> <span class='ocrx_word' id='word_1_36' title='bbox 856 984 958 1050; x_wconf 88' lang='lat' dir='ltr'><strong>locum</strong></span> <span class='ocrx_word' id='word_1_37' title='bbox 973 985 1158 1051; x_wconf 85' lang='lat' dir='ltr'><strong>habuerunt.</strong></span> <span class='ocrx_word' id='word_1_38' title='bbox 1190 985 1295 1049; x_wconf 76' lang='lat' dir='ltr'><strong>iliam</strong></span> 
     </span>
     <span class='ocr_line' id='line_1_6' title="bbox 226 1090 1295 1175; baseline -0.003 -19"><span class='ocrx_word' id='word_1_39' title='bbox 226 1113 333 1159; x_wconf 82' lang='lat' dir='ltr'><strong>versus</strong></span> <span class='ocrx_word' id='word_1_40' title='bbox 348 1096 481 1162; x_wconf 80' lang='lat'>31—38</span> <span class='ocrx_word' id='word_1_41' title='bbox 497 1093 699 1169; x_wconf 85' lang='lat' dir='ltr'><strong>attendimus,</strong></span> <span class='ocrx_word' id='word_1_42' title='bbox 724 1093 833 1175; x_wconf 91' lang='lat' dir='ltr'><strong>quibus</strong></span> <span class='ocrx_word' id='word_1_43' title='bbox 850 1095 882 1157; x_wconf 90' lang='lat' dir='ltr'><strong>et</strong></span> <span class='ocrx_word' id='word_1_44' title='bbox 898 1093 1113 1158; x_wconf 89' lang='lat' dir='ltr'><strong>combibonum</strong></span> <span class='ocrx_word' id='word_1_45' title='bbox 1129 1090 1295 1174; x_wconf 80' lang='lat' dir='ltr'><strong>collegium</strong></span> 
     </span>
     <span class='ocr_line' id='line_1_7' title="bbox 226 1183 1296 1290; baseline -0.005 -25"><span class='ocrx_word' id='word_1_46' title='bbox 226 1194 314 1265; x_wconf 92' lang='lat' dir='ltr'><strong>nobis</strong></span> <span class='ocrx_word' id='word_1_47' title='bbox 345 1202 417 1265; x_wconf 86' lang='lat' dir='ltr'><strong>ante</strong></span> <span class='ocrx_word' id='word_1_48' title='bbox 442 1200 545 1264; x_wconf 86' lang='lat' dir='ltr'><strong>oculos</strong></span> <span class='ocrx_word' id='word_1_49' title='bbox 568 1183 718 1281; x_wconf 87' lang='lat' dir='ltr'><strong>tanquam</strong></span> <span class='ocrx_word' id='word_1_50' title='bbox 741 1199 867 1280; x_wconf 86' lang='lat' dir='ltr'><strong>ponitur</strong></span> <span class='ocrx_word' id='word_1_51' title='bbox 891 1200 923 1262; x_wconf 85' lang='lat' dir='ltr'><strong>et</strong></span> <span class='ocrx_word' id='word_1_52' title='bbox 945 1200 1051 1281; x_wconf 86' lang='lat' dir='ltr'><strong>aperte</strong></span> <span class='ocrx_word' id='word_1_53' title='bbox 1076 1198 1198 1290; x_wconf 88' lang='lat' dir='ltr'><strong>dicitur,</strong></span> <span class='ocrx_word' id='word_1_54' title='bbox 1230 1197 1296 1262; x_wconf 88' lang='lat' dir='ltr'><strong>fore</strong></span> 
     </span>
     <span class='ocr_line' id='line_1_8' title="bbox 225 1303 1296 1390; baseline -0.003 -19"><span class='ocrx_word' id='word_1_55' title='bbox 225 1308 262 1371; x_wconf 91' lang='lat' dir='ltr'><strong>ut</strong></span> <span class='ocrx_word' id='word_1_56' title='bbox 285 1306 323 1371; x_wconf 90' lang='lat' dir='ltr'><strong>ab</strong></span> <span class='ocrx_word' id='word_1_57' title='bbox 339 1307 378 1371; x_wconf 89' lang='lat' dir='ltr'><strong>iis</strong></span> <span class='ocrx_word' id='word_1_58' title='bbox 394 1307 578 1390; x_wconf 78' lang='lat' dir='ltr'><strong>quibuscum</strong></span> <span class='ocrx_word' id='word_1_59' title='bbox 595 1324 656 1369; x_wconf 88' lang='lat' dir='ltr'><strong>una</strong></span> <span class='ocrx_word' id='word_1_60' title='bbox 671 1304 838 1369; x_wconf 91' lang='lat' dir='ltr'><strong>bibendum</strong></span> <span class='ocrx_word' id='word_1_61' title='bbox 855 1306 906 1386; x_wconf 87' lang='lat' dir='ltr'><strong>sit,</strong></span> <span class='ocrx_word' id='word_1_62' title='bbox 931 1306 961 1370; x_wconf 92' lang='lat' dir='ltr'><strong>h.</strong></span> <span class='ocrx_word' id='word_1_63' title='bbox 980 1325 1006 1370; x_wconf 89' lang='lat' dir='ltr'><strong>e.</strong></span> <span class='ocrx_word' id='word_1_64' title='bbox 1024 1326 1042 1371; x_wconf 92' lang='lat' dir='ltr'><strong>a</strong></span> <span class='ocrx_word' id='word_1_65' title='bbox 1058 1305 1156 1383; x_wconf 89' lang='lat' dir='ltr'><strong>bonis,</strong></span> <span class='ocrx_word' id='word_1_66' title='bbox 1180 1303 1296 1387; x_wconf 87' lang='lat' dir='ltr'><strong>aliquis</strong></span> 
     </span>
     <span class='ocr_line' id='line_1_9' title="bbox 226 1411 1296 1495; baseline -0.003 -17"><span class='ocrx_word' id='word_1_67' title='bbox 226 1414 303 1478; x_wconf 90' lang='lat' dir='ltr'><strong>bene</strong></span> <span class='ocrx_word' id='word_1_68' title='bbox 334 1413 515 1478; x_wconf 85' lang='lat' dir='ltr'><strong>instruatur.</strong></span> <span class='ocrx_word' id='word_1_69' title='bbox 570 1413 599 1476; x_wconf 86' lang='lat' dir='ltr'>A</span> <span class='ocrx_word' id='word_1_70' title='bbox 630 1412 718 1476; x_wconf 92' lang='lat' dir='ltr'><strong>bonis</strong></span> <span class='ocrx_word' id='word_1_71' title='bbox 750 1411 845 1476; x_wconf 89' lang='lat' dir='ltr'><strong>etiam</strong></span> <span class='ocrx_word' id='word_1_72' title='bbox 878 1412 981 1495; x_wconf 90' lang='lat' dir='ltr'><strong>ipsum</strong></span> <span class='ocrx_word' id='word_1_73' title='bbox 1004 1411 1226 1493; x_wconf 81' lang='lat' dir='ltr'><strong>&#39;Theognidonr</strong></span> <span class='ocrx_word' id='word_1_74' title='bbox 1256 1411 1296 1475; x_wconf 88' lang='lat' dir='ltr'><strong>iis</strong></span> 
     </span>
     <span class='ocr_line' id='line_1_10' title="bbox 226 1517 1295 1602; baseline -0.001 -19"><span class='ocrx_word' id='word_1_75' title='bbox 226 1521 400 1602; x_wconf 88' lang='lat' dir='ltr'><strong>praeceptis</strong></span> <span class='ocrx_word' id='word_1_76' title='bbox 416 1520 602 1584; x_wconf 85' lang='lat' dir='ltr'><strong>instructum</strong></span> <span class='ocrx_word' id='word_1_77' title='bbox 619 1536 687 1583; x_wconf 89' lang='lat' dir='ltr'><strong>esse</strong></span> <span class='ocrx_word' id='word_1_78' title='bbox 704 1537 782 1601; x_wconf 88' lang='lat' dir='ltr'><strong>quae</strong></span> <span class='ocrx_word' id='word_1_79' title='bbox 796 1517 895 1601; x_wconf 79' lang='lat' dir='ltr'><strong>Cyrno</strong></span> <span class='ocrx_word' id='word_1_80' title='bbox 913 1518 1041 1583; x_wconf 88' lang='lat' dir='ltr'><strong>daturus</strong></span> <span class='ocrx_word' id='word_1_81' title='bbox 1054 1519 1097 1583; x_wconf 91' lang='lat' dir='ltr'><strong>sit</strong></span> <span class='ocrx_word' id='word_1_82' title='bbox 1109 1538 1146 1582; x_wconf 85' lang='lat' dir='ltr'><strong>ex</strong></span> <span class='ocrx_word' id='word_1_83' title='bbox 1157 1518 1295 1582; x_wconf 85' lang='lat' dir='ltr'><strong>versibus</strong></span> 
     </span>
     <span class='ocr_line' id='line_1_11' title="bbox 227 1620 1296 1708; baseline -0.004 -16"><span class='ocrx_word' id='word_1_84' title='bbox 227 1624 361 1692; x_wconf 75' lang='lat' dir='ltr'><strong>‘au—28</strong></span> <span class='ocrx_word' id='word_1_85' title='bbox 385 1625 600 1708; x_wconf 83' lang='lat' dir='ltr'><strong>comperimus.</strong></span> <span class='ocrx_word' id='word_1_86' title='bbox 631 1624 740 1707; x_wconf 88' lang='lat' dir='ltr'><strong>Neque</strong></span> <span class='ocrx_word' id='word_1_87' title='bbox 763 1624 842 1708; x_wconf 90' lang='lat' dir='ltr'><strong>quod</strong></span> <span class='ocrx_word' id='word_1_88' title='bbox 861 1629 952 1700; x_wconf 63' lang='lat' dir='ltr'><strong>‘nate</strong></span> <span class='ocrx_word' id='word_1_89' title='bbox 974 1620 1016 1686; x_wconf 76' lang='grc' dir='ltr'><strong>ἕν’</strong></span> <span class='ocrx_word' id='word_1_90' title='bbox 1039 1621 1108 1687; x_wconf 72' lang='grc' dir='ltr'><strong>ἐών</strong></span> <span class='ocrx_word' id='word_1_91' title='bbox 1124 1627 1296 1690; x_wconf 90' lang='lat' dir='ltr'><strong>instructus</strong></span> 
     </span>
     <span class='ocr_line' id='line_1_12' title="bbox 228 1732 1296 1816; baseline -0.003 -19"><span class='ocrx_word' id='word_1_92' title='bbox 228 1736 286 1809; x_wconf 89' lang='lat' dir='ltr'><strong>est,</strong></span> <span class='ocrx_word' id='word_1_93' title='bbox 302 1732 524 1816; x_wconf 85' lang='lat' dir='ltr'><strong>impedimento</strong></span> <span class='ocrx_word' id='word_1_94' title='bbox 540 1732 618 1797; x_wconf 89' lang='lat' dir='ltr'><strong>mihi</strong></span> <span class='ocrx_word' id='word_1_95' title='bbox 634 1734 691 1808; x_wconf 86' lang='lat' dir='ltr'><strong>est,</strong></span> <span class='ocrx_word' id='word_1_96' title='bbox 712 1735 874 1816; x_wconf 91' lang='lat' dir='ltr'><strong>quominus</strong></span> <span class='ocrx_word' id='word_1_97' title='bbox 891 1735 1081 1799; x_wconf 78' lang='lat' dir='ltr'><strong>convivalem</strong></span> <span class='ocrx_word' id='word_1_98' title='bbox 1095 1751 1164 1797; x_wconf 90' lang='lat' dir='ltr'><strong>eam</strong></span> <span class='ocrx_word' id='word_1_99' title='bbox 1176 1748 1296 1814; x_wconf 90' lang='lat' dir='ltr'><strong>quoque</strong></span> 
     </span>
     <span class='ocr_line' id='line_1_13' title="bbox 201 1837 1296 1922; baseline -0.004 -17"><span class='ocrx_word' id='word_1_100' title='bbox 201 1839 481 1905; x_wconf 84' lang='lat' dir='ltr'><strong>instructionem</strong></span> <span class='ocrx_word' id='word_1_101' title='bbox 510 1839 605 1903; x_wconf 87' lang='lat' dir='ltr'><strong>fuisse</strong></span> <span class='ocrx_word' id='word_1_102' title='bbox 642 1841 760 1922; x_wconf 89' lang='lat' dir='ltr'><strong>putem.</strong></span> <span class='ocrx_word' id='word_1_103' title='bbox 799 1849 879 1915; x_wconf 82' lang='grc' dir='ltr'><em>παῖς</em></span> <span class='ocrx_word' id='word_1_104' title='bbox 919 1841 1001 1904; x_wconf 90' lang='lat' dir='ltr'><strong>enim</strong></span> <span class='ocrx_word' id='word_1_105' title='bbox 1040 1840 1137 1904; x_wconf 88' lang='lat' dir='ltr'><strong>etiam</strong></span> <span class='ocrx_word' id='word_1_106' title='bbox 1174 1837 1296 1902; x_wconf 85' lang='lat' dir='ltr'><strong>iuvenis</strong></span> 
     </span>
     <span class='ocr_line' id='line_1_14' title="bbox 226 1943 1296 2031; baseline -0.003 -19"><span class='ocrx_word' id='word_1_107' title='bbox 226 1947 375 2030; x_wconf 89' lang='lat' dir='ltr'><strong>appellari</strong></span> <span class='ocrx_word' id='word_1_108' title='bbox 398 1947 512 2030; x_wconf 91' lang='lat' dir='ltr'><strong>potuit,</strong></span> <span class='ocrx_word' id='word_1_109' title='bbox 536 1947 596 2012; x_wconf 85' lang='lat' dir='ltr'><strong>etsi</strong></span> <span class='ocrx_word' id='word_1_110' title='bbox 618 1949 817 2031; x_wconf 87' lang='lat' dir='ltr'><strong>potissimum</strong></span> <span class='ocrx_word' id='word_1_111' title='bbox 834 1949 950 2013; x_wconf 87' lang='lat' dir='ltr'><strong>erotico</strong></span> <span class='ocrx_word' id='word_1_112' title='bbox 967 1966 1060 2013; x_wconf 88' lang='lat' dir='ltr'><strong>sensu</strong></span> <span class='ocrx_word' id='word_1_113' title='bbox 1076 1966 1112 2011; x_wconf 85' lang='lat' dir='ltr'><strong>aa</strong></span> <span class='ocrx_word' id='word_1_114' title='bbox 1128 1943 1296 2028; x_wconf 88' lang='lat' dir='ltr'><strong>appellatio</strong></span> 
     </span>
     <span class='ocr_line' id='line_1_15' title="bbox 227 2048 1294 2138; baseline -0.003 -20"><span class='ocrx_word' id='word_1_115' title='bbox 227 2052 402 2119; x_wconf 88' lang='lat' dir='ltr'><strong>adhibetur.</strong></span> <span class='ocrx_word' id='word_1_116' title='bbox 428 2053 513 2132; x_wconf 84' lang='lat' dir='ltr'><strong>Quae</strong></span> <span class='ocrx_word' id='word_1_117' title='bbox 529 2072 583 2136; x_wconf 85' lang='lat' dir='ltr'><strong>pro</strong></span> <span class='ocrx_word' id='word_1_118' title='bbox 600 2058 667 2129; x_wconf 81' lang='grc' dir='ltr'><em>νέος</em></span> <span class='ocrx_word' id='word_1_119' title='bbox 682 2048 762 2138; x_wconf 79' lang='grc' dir='ltr'><em>ἀνήρ</em></span> <span class='ocrx_word' id='word_1_120' title='bbox 778 2060 944 2137; x_wconf 88' lang='lat' dir='ltr'><strong>usurpatur</strong></span> <span class='ocrx_word' id='word_1_121' title='bbox 955 2054 1093 2126; x_wconf 85' lang='lat' dir='ltr'><strong>versibus</strong></span> <span class='ocrx_word' id='word_1_122' title='bbox 1106 2053 1294 2121; x_wconf 76' lang='lat' dir='ltr'><strong>leel-52:</strong></span> 
     </span>
    </p>

    <p class='ocr_par' dir='ltr' id='par_1_3' title="bbox 314 2149 1144 2245">
     <span class='ocr_line' id='line_1_16' title="bbox 314 2149 1144 2245; baseline 0.006 -25"><span class='ocrx_word' id='word_1_123' title='bbox 314 2149 355 2220; x_wconf 66' lang='lat' dir='ltr'><strong>‘a‘</strong></span> <span class='ocrx_word' id='word_1_124' title='bbox 375 2169 448 2232; x_wconf 84' lang='grc' dir='ltr'><em>παῖ,</em></span> <span class='ocrx_word' id='word_1_125' title='bbox 472 2157 515 2245; x_wconf 79' lang='grc' dir='ltr'><strong>μη</strong></span> <span class='ocrx_word' id='word_1_126' title='bbox 540 2157 677 2240; x_wconf 77' lang='grc' dir='ltr'><em>κώμαζε,</em></span> <span class='ocrx_word' id='word_1_127' title='bbox 702 2165 824 2244; x_wconf 80' lang='grc' dir='ltr'><em>γέροντι</em></span> <span class='ocrx_word' id='word_1_128' title='bbox 848 2159 882 2223; x_wconf 78' lang='grc' dir='ltr'><strong>δὲ</strong></span> <span class='ocrx_word' id='word_1_129' title='bbox 905 2164 1022 2224; x_wconf 71' lang='grc' dir='ltr'><em>πείθεο</em></span> <span class='ocrx_word' id='word_1_130' title='bbox 1045 2155 1144 2243; x_wconf 72' lang='grc' dir='ltr'><em>ἀνδρί.</em></span> 
     </span>
    </p>

    <p class='ocr_par' dir='ltr' id='par_1_4' title="bbox 361 2261 1043 2351">
     <span class='ocr_line' id='line_1_17' title="bbox 361 2261 1043 2351; baseline 0.01 -24"><span class='ocrx_word' id='word_1_131' title='bbox 361 2262 398 2327; x_wconf 75' lang='grc' dir='ltr'><strong>οὔ</strong></span> <span class='ocrx_word' id='word_1_132' title='bbox 421 2288 471 2327; x_wconf 84' lang='grc' dir='ltr'><strong>τοι</strong></span> <span class='ocrx_word' id='word_1_133' title='bbox 494 2262 651 2344; x_wconf 80' lang='grc' dir='ltr'><em>κωμάζειν</em></span> <span class='ocrx_word' id='word_1_134' title='bbox 674 2263 837 2350; x_wconf 77' lang='grc' dir='ltr'><em>σύμφορον</em></span> <span class='ocrx_word' id='word_1_135' title='bbox 860 2261 951 2351; x_wconf 75' lang='grc' dir='ltr'><em>α’νδρὶ</em></span> <span class='ocrx_word' id='word_1_136' title='bbox 974 2271 1043 2350; x_wconf 79' lang='grc' dir='ltr'><em>νέην.</em></span> 
     </span>
    </p>

    <p class='ocr_par' dir='ltr' id='par_1_5' title="bbox 190 2369 1362 3939">
     <span class='ocr_line' id='line_1_18' title="bbox 317 2369 1296 2455; baseline 0.004 -22"><span class='ocrx_word' id='word_1_137' title='bbox 317 2369 496 2434; x_wconf 72' lang='lat' dir='ltr'><strong>convivalia</strong></span> <span class='ocrx_word' id='word_1_138' title='bbox 512 2371 648 2434; x_wconf 87' lang='lat' dir='ltr'><strong>carmina</strong></span> <span class='ocrx_word' id='word_1_139' title='bbox 664 2372 861 2453; x_wconf 89' lang='lat' dir='ltr'><strong>praeceptiva</strong></span> <span class='ocrx_word' id='word_1_140' title='bbox 877 2373 1048 2455; x_wconf 86' lang='lat' dir='ltr'><strong>antiquitus</strong></span> <span class='ocrx_word' id='word_1_141' title='bbox 1062 2372 1159 2437; x_wconf 89' lang='lat' dir='ltr'><strong>luisse</strong></span> <span class='ocrx_word' id='word_1_142' title='bbox 1172 2373 1296 2438; x_wconf 83' lang='lat' dir='ltr'><strong>aliunde</strong></span> 
     </span>
     <span class='ocr_line' id='line_1_19' title="bbox 229 2473 1295 2561; baseline -0.001 -21"><span class='ocrx_word' id='word_1_143' title='bbox 229 2493 349 2559; x_wconf 90' lang='lat' dir='ltr'><strong>quoque</strong></span> <span class='ocrx_word' id='word_1_144' title='bbox 392 2476 608 2558; x_wconf 88' lang='lat' dir='ltr'><strong>comperimus.</strong></span> <span class='ocrx_word' id='word_1_145' title='bbox 673 2473 765 2539; x_wconf 88' lang='lat' dir='ltr'><strong>Velut</strong></span> <span class='ocrx_word' id='word_1_146' title='bbox 807 2476 903 2540; x_wconf 85' lang='lat' dir='ltr'><strong>etiam</strong></span> <span class='ocrx_word' id='word_1_147' title='bbox 945 2475 1115 2541; x_wconf 77' lang='lat' dir='ltr'><strong>Plutarcho</strong></span> <span class='ocrx_word' id='word_1_148' title='bbox 1153 2475 1295 2561; x_wconf 78' lang='lat' dir='ltr'><strong>(Quaest.</strong></span> 
     </span>
     <span class='ocr_line' id='line_1_20' title="bbox 228 2581 1296 2665; baseline -0.002 -17"><span class='ocrx_word' id='word_1_149' title='bbox 228 2583 322 2649; x_wconf 80' lang='lat' dir='ltr'><strong>Gonu.</strong></span> <span class='ocrx_word' id='word_1_150' title='bbox 348 2583 406 2647; x_wconf 87' lang='lat' dir='ltr'><strong>Vll</strong></span> <span class='ocrx_word' id='word_1_151' title='bbox 430 2586 461 2659; x_wconf 86' lang='grc'><strong>8,</strong></span> <span class='ocrx_word' id='word_1_152' title='bbox 487 2581 521 2664; x_wconf 84' lang='grc'><strong>3)</strong></span> <span class='ocrx_word' id='word_1_153' title='bbox 546 2582 695 2665; x_wconf 89' lang='lat' dir='ltr'><strong>quaedam</strong></span> <span class='ocrx_word' id='word_1_154' title='bbox 727 2581 919 2665; x_wconf 84' lang='lat' dir='ltr'><strong>disseruntur</strong></span> <span class='ocrx_word' id='word_1_155' title='bbox 952 2581 989 2645; x_wconf 89' lang='lat' dir='ltr'><strong>de</strong></span> <span class='ocrx_word' id='word_1_156' title='bbox 1018 2582 1240 2648; x_wconf 84' lang='lat' dir='ltr'><strong>audiendarum</strong></span> <span class='ocrx_word' id='word_1_157' title='bbox 1264 2584 1296 2646; x_wconf 93' lang='lat' dir='ltr'><strong>in</strong></span> 
     </span>
     <span class='ocr_line' id='line_1_21' title="bbox 226 2686 1362 2774; baseline 0 -20"><span class='ocrx_word' id='word_1_158' title='bbox 226 2689 375 2754; x_wconf 88' lang='lat' dir='ltr'><strong>conviviis</strong></span> <span class='ocrx_word' id='word_1_159' title='bbox 398 2688 626 2753; x_wconf 83' lang='lat' dir='ltr'><strong>comoediarum</strong></span> <span class='ocrx_word' id='word_1_160' title='bbox 650 2687 753 2753; x_wconf 86' lang='lat' dir='ltr'><strong>fructu</strong></span> <span class='ocrx_word' id='word_1_161' title='bbox 777 2694 810 2752; x_wconf 89' lang='lat' dir='ltr'><strong>et</strong></span> <span class='ocrx_word' id='word_1_162' title='bbox 832 2686 981 2770; x_wconf 85' lang='lat' dir='ltr'><strong>utilitate,</strong></span> <span class='ocrx_word' id='word_1_163' title='bbox 1006 2696 1038 2754; x_wconf 84' lang='lat' dir='ltr'><strong>et</strong></span> <span class='ocrx_word' id='word_1_164' title='bbox 1059 2690 1188 2754; x_wconf 79' lang='lat' dir='ltr'><strong>Artemo</strong></span> <span class='ocrx_word' id='word_1_165' title='bbox 1214 2690 1294 2774; x_wconf 93' lang='lat' dir='ltr'><strong>apud</strong></span> <span class='ocrx_word' id='word_1_166' title='bbox 1360 2750 1362 2753; x_wconf 86' lang='lat'><strong>.</strong></span> 
     </span>
     <span class='ocr_line' id='line_1_22' title="bbox 190 2793 1296 2877; baseline 0 -16"><span class='ocrx_word' id='word_1_167' title='bbox 190 2801 197 2822; x_wconf 91' lang='lat'><em>&#39;</em></span> <span class='ocrx_word' id='word_1_168' title='bbox 228 2799 425 2861; x_wconf 87' lang='lat' dir='ltr'><strong>Athenaeum</strong></span> <span class='ocrx_word' id='word_1_169' title='bbox 456 2793 523 2858; x_wconf 86' lang='lat' dir='ltr'><strong>XV</strong></span> <span class='ocrx_word' id='word_1_170' title='bbox 554 2814 584 2877; x_wconf 93' lang='lat' dir='ltr'><strong>p.</strong></span> <span class='ocrx_word' id='word_1_171' title='bbox 618 2794 725 2862; x_wconf 82' lang='grc'>6941)</span> <span class='ocrx_word' id='word_1_172' title='bbox 761 2812 797 2858; x_wconf 89' lang='lat' dir='ltr'><strong>ea</strong></span> <span class='ocrx_word' id='word_1_173' title='bbox 832 2794 926 2859; x_wconf 87' lang='lat' dir='ltr'><strong>scolia</strong></span> <span class='ocrx_word' id='word_1_174' title='bbox 961 2796 1105 2877; x_wconf 89' lang='lat' dir='ltr'><strong>inprimis</strong></span> <span class='ocrx_word' id='word_1_175' title='bbox 1139 2797 1296 2861; x_wconf 84' lang='lat' dir='ltr'><strong>ueteribus</strong></span> 
     </span>
     <span class='ocr_line' id='line_1_23' title="bbox 226 2900 1295 2987; baseline 0 -21"><span class='ocrx_word' id='word_1_176' title='bbox 226 2903 380 2987; x_wconf 89' lang='lat' dir='ltr'><strong>placuisse</strong></span> <span class='ocrx_word' id='word_1_177' title='bbox 411 2904 547 2966; x_wconf 85' lang='lat' dir='ltr'><strong>testatur</strong></span> <span class='ocrx_word' id='word_1_178' title='bbox 571 2919 648 2983; x_wconf 87' lang='lat' dir='ltr'><strong>quae</strong></span> <span class='ocrx_word' id='word_1_179' title='bbox 672 2900 744 2964; x_wconf 90' lang='lat' dir='ltr'><strong>utili</strong></span> <span class='ocrx_word' id='word_1_180' title='bbox 768 2901 901 2984; x_wconf 90' lang='lat' dir='ltr'><strong>quodam</strong></span> <span class='ocrx_word' id='word_1_181' title='bbox 924 2904 1087 2984; x_wconf 86' lang='lat' dir='ltr'><strong>praecepto</strong></span> <span class='ocrx_word' id='word_1_182' title='bbox 1112 2903 1295 2982; x_wconf 85' lang='lat' dir='ltr'><strong>constent.¹)</strong></span> 
     </span>
     <span class='ocr_line' id='line_1_24' title="bbox 228 3007 1296 3091; baseline 0 -17"><span class='ocrx_word' id='word_1_183' title='bbox 228 3008 329 3074; x_wconf 86' lang='lat' dir='ltr'><strong>Scolia</strong></span> <span class='ocrx_word' id='word_1_184' title='bbox 363 3011 480 3084; x_wconf 87' lang='lat' dir='ltr'><strong>autem,</strong></span> <span class='ocrx_word' id='word_1_185' title='bbox 516 3008 552 3071; x_wconf 88' lang='lat' dir='ltr'><strong>ut</strong></span> <span class='ocrx_word' id='word_1_186' title='bbox 585 3007 750 3072; x_wconf 87' lang='lat' dir='ltr'><strong>mittamus</strong></span> <span class='ocrx_word' id='word_1_187' title='bbox 784 3008 939 3091; x_wconf 88' lang='lat' dir='ltr'><strong>inquirere</strong></span> <span class='ocrx_word' id='word_1_188' title='bbox 971 3008 1050 3072; x_wconf 89' lang='lat' dir='ltr'><strong>undo</strong></span> <span class='ocrx_word' id='word_1_189' title='bbox 1082 3010 1155 3073; x_wconf 88' lang='lat' dir='ltr'><strong>nata</strong></span> <span class='ocrx_word' id='word_1_190' title='bbox 1187 3010 1229 3074; x_wconf 92' lang='lat' dir='ltr'><strong>sit</strong></span> <span class='ocrx_word' id='word_1_191' title='bbox 1260 3029 1296 3074; x_wconf 89' lang='lat' dir='ltr'><strong>ea</strong></span> 
     </span>
     <span class='ocr_line' id='line_1_25' title="bbox 227 3112 1297 3198; baseline 0.001 -19"><span class='ocrx_word' id='word_1_192' title='bbox 227 3114 402 3198; x_wconf 89' lang='lat' dir='ltr'><strong>appellatio,</strong></span> <span class='ocrx_word' id='word_1_193' title='bbox 436 3113 609 3179; x_wconf 86' lang='lat' dir='ltr'><strong>convivalia</strong></span> <span class='ocrx_word' id='word_1_194' title='bbox 640 3115 779 3179; x_wconf 85' lang='lat' dir='ltr'><strong>carmina</strong></span> <span class='ocrx_word' id='word_1_195' title='bbox 810 3112 905 3178; x_wconf 89' lang='lat' dir='ltr'><strong>fuisse</strong></span> <span class='ocrx_word' id='word_1_196' title='bbox 936 3134 1005 3178; x_wconf 91' lang='lat' dir='ltr'><strong>cum</strong></span> <span class='ocrx_word' id='word_1_197' title='bbox 1030 3134 1066 3178; x_wconf 82' lang='lat' dir='ltr'><strong>ex</strong></span> <span class='ocrx_word' id='word_1_198' title='bbox 1088 3114 1297 3198; x_wconf 84' lang='lat' dir='ltr'><strong>Aristophane</strong></span> 
     </span>
     <span class='ocr_line' id='line_1_26' title="bbox 226 3219 1296 3303; baseline 0.002 -19"><span class='ocrx_word' id='word_1_199' title='bbox 226 3221 405 3303; x_wconf 91' lang='lat' dir='ltr'><strong>planissime</strong></span> <span class='ocrx_word' id='word_1_200' title='bbox 440 3221 599 3303; x_wconf 85' lang='lat' dir='ltr'><strong>appareat,</strong></span> <span class='ocrx_word' id='word_1_201' title='bbox 631 3221 683 3303; x_wconf 92' lang='lat' dir='ltr'><strong>qui</strong></span> <span class='ocrx_word' id='word_1_202' title='bbox 710 3239 745 3284; x_wconf 86' lang='lat' dir='ltr'><strong>eo</strong></span> <span class='ocrx_word' id='word_1_203' title='bbox 771 3238 862 3284; x_wconf 89' lang='lat' dir='ltr'><strong>sensu</strong></span> <span class='ocrx_word' id='word_1_204' title='bbox 886 3220 944 3284; x_wconf 89' lang='lat' dir='ltr'><strong>hac</strong></span> <span class='ocrx_word' id='word_1_205' title='bbox 966 3219 1174 3302; x_wconf 87' lang='lat' dir='ltr'><strong>appellatione</strong></span> <span class='ocrx_word' id='word_1_206' title='bbox 1197 3222 1296 3286; x_wconf 88' lang='lat' dir='ltr'><strong>utitur</strong></span> 
     </span>
     <span class='ocr_line' id='line_1_27' title="bbox 228 3324 1296 3415; baseline 0.003 -27"><span class='ocrx_word' id='word_1_207' title='bbox 228 3325 399 3406; x_wconf 85' lang='lat' dir='ltr'><strong>Vesparum</strong></span> <span class='ocrx_word' id='word_1_208' title='bbox 422 3346 469 3390; x_wconf 84' lang='lat' dir='ltr'><strong>vv.</strong></span> <span class='ocrx_word' id='word_1_209' title='bbox 497 3328 582 3394; x_wconf 70' lang='lat'><strong>1222</strong></span> <span class='ocrx_word' id='word_1_210' title='bbox 599 3328 631 3391; x_wconf 90' lang='lat' dir='ltr'><strong>et</strong></span> <span class='ocrx_word' id='word_1_211' title='bbox 650 3327 745 3403; x_wconf 67' lang='lat'><strong>1940,</strong></span> <span class='ocrx_word' id='word_1_212' title='bbox 770 3327 838 3415; x_wconf 86' lang='lat' dir='ltr'><strong>turn</strong></span> <span class='ocrx_word' id='word_1_213' title='bbox 863 3324 977 3389; x_wconf 91' lang='lat' dir='ltr'><strong>diserte</strong></span> <span class='ocrx_word' id='word_1_214' title='bbox 1002 3324 1039 3388; x_wconf 91' lang='lat' dir='ltr'><strong>ab</strong></span> <span class='ocrx_word' id='word_1_215' title='bbox 1064 3325 1207 3390; x_wconf 87' lang='lat' dir='ltr'><strong>omnibus</strong></span> <span class='ocrx_word' id='word_1_216' title='bbox 1231 3328 1296 3391; x_wconf 87' lang='lat' dir='ltr'><strong>tra-</strong></span> 
     </span>
     <span class='ocr_line' id='line_1_28' title="bbox 226 3427 1294 3515; baseline 0.001 -22"><span class='ocrx_word' id='word_1_217' title='bbox 226 3429 319 3494; x_wconf 77' lang='lat' dir='ltr'><strong>ditur.</strong></span> <span class='ocrx_word' id='word_1_218' title='bbox 351 3428 399 3495; x_wconf 81' lang='lat' dir='ltr'><strong>Cf.</strong></span> <span class='ocrx_word' id='word_1_219' title='bbox 413 3431 516 3513; x_wconf 71' lang='lat' dir='ltr'><strong>atym.</strong></span> <span class='ocrx_word' id='word_1_220' title='bbox 531 3431 638 3514; x_wconf 80' lang='lat' dir='ltr'><strong>Magn.</strong></span> <span class='ocrx_word' id='word_1_221' title='bbox 655 3451 679 3499; x_wconf 81' lang='lat' dir='ltr'><strong>s,</strong></span> <span class='ocrx_word' id='word_1_222' title='bbox 697 3452 724 3499; x_wconf 84' lang='lat' dir='ltr'><strong>v.</strong></span> <span class='ocrx_word' id='word_1_223' title='bbox 743 3428 855 3494; x_wconf 80' lang='grc' dir='ltr'><em>σκολιά</em></span> <span class='ocrx_word' id='word_1_224' title='bbox 873 3447 880 3462; x_wconf 82' lang='grc'><em>·</em></span> <span class='ocrx_word' id='word_1_225' title='bbox 897 3430 938 3494; x_wconf 70' lang='grc' dir='ltr'><strong>τοί</strong></span> <span class='ocrx_word' id='word_1_226' title='bbox 954 3429 1135 3514; x_wconf 73' lang='grc' dir='ltr'><em>συμποτικοί</em></span> <span class='ocrx_word' id='word_1_227' title='bbox 1154 3427 1294 3515; x_wconf 77' lang='grc' dir='ltr'><em>η’ἱοματα,</em></span> 
     </span>
     <span class='ocr_line' id='line_1_29' title="bbox 224 3532 1294 3623; baseline 0 -23"><span class='ocrx_word' id='word_1_228' title='bbox 224 3535 317 3605; x_wconf 86' lang='lat' dir='ltr'><strong>Phot.</strong></span> <span class='ocrx_word' id='word_1_229' title='bbox 335 3556 360 3602; x_wconf 76' lang='lat' dir='ltr'><strong>s,</strong></span> <span class='ocrx_word' id='word_1_230' title='bbox 378 3557 405 3602; x_wconf 84' lang='lat' dir='ltr'><strong>v.</strong></span> <span class='ocrx_word' id='word_1_231' title='bbox 424 3533 550 3600; x_wconf 84' lang='grc' dir='ltr'><em>σκολιόν</em></span> <span class='ocrx_word' id='word_1_232' title='bbox 567 3558 574 3573; x_wconf 84' lang='grc'><em>·</em></span> <span class='ocrx_word' id='word_1_233' title='bbox 592 3533 611 3622; x_wconf 80' lang='lat' dir='ltr'><strong>q‘</strong></span> <span class='ocrx_word' id='word_1_234' title='bbox 628 3540 794 3619; x_wconf 76' lang='grc' dir='ltr'><em>παροίνιος</em></span> <span class='ocrx_word' id='word_1_235' title='bbox 809 3532 882 3623; x_wconf 62' lang='lat' dir='ltr'><strong>qlod,</strong></span> <span class='ocrx_word' id='word_1_236' title='bbox 900 3539 1035 3622; x_wconf 83' lang='lat' dir='ltr'><strong>Hesyoh.</strong></span> <span class='ocrx_word' id='word_1_237' title='bbox 1054 3559 1069 3603; x_wconf 86' lang='lat' dir='ltr'><strong>s</strong></span> <span class='ocrx_word' id='word_1_238' title='bbox 1096 3559 1125 3606; x_wconf 88' lang='lat' dir='ltr'><strong>v.</strong></span> <span class='ocrx_word' id='word_1_239' title='bbox 1143 3536 1294 3602; x_wconf 76' lang='grc' dir='ltr'><em>σκολιόν·</em></span> 
     </span>
     <span class='ocr_line' id='line_1_30' title="bbox 224 3639 1296 3731; baseline 0.004 -25"><span class='ocrx_word' id='word_1_240' title='bbox 224 3642 282 3728; x_wconf 76' lang='grc' dir='ltr'><strong>την</strong></span> <span class='ocrx_word' id='word_1_241' title='bbox 297 3646 464 3727; x_wconf 76' lang='grc' dir='ltr'><em>παροίνιον</em></span> <span class='ocrx_word' id='word_1_242' title='bbox 478 3639 560 3731; x_wconf 71' lang='grc' dir='ltr'><strong>ᾠδὴν</strong></span> <span class='ocrx_word' id='word_1_243' title='bbox 578 3641 680 3721; x_wconf 71' lang='grc' dir='ltr'><em>οὕτως</em></span> <span class='ocrx_word' id='word_1_244' title='bbox 694 3643 811 3728; x_wconf 76' lang='grc' dir='ltr'><em>ἔλεγον,</em></span> <span class='ocrx_word' id='word_1_245' title='bbox 834 3648 976 3712; x_wconf 78' lang='lat' dir='ltr'><strong>Euslath.</strong></span> <span class='ocrx_word' id='word_1_246' title='bbox 993 3650 1069 3726; x_wconf 71' lang='lat'><strong>461,</strong></span> <span class='ocrx_word' id='word_1_247' title='bbox 1086 3650 1144 3715; x_wconf 74' lang='lat'><strong>22:</strong></span> <span class='ocrx_word' id='word_1_248' title='bbox 1169 3647 1296 3712; x_wconf 71' lang='grc' dir='ltr'><em>σκολιὸν</em></span> 
     </span>
     <span class='ocr_line' id='line_1_31' title="bbox 223 3743 1294 3838; baseline 0.006 -27"><span class='ocrx_word' id='word_1_249' title='bbox 223 3744 268 3823; x_wconf 76' lang='grc' dir='ltr'><strong>εἰς</strong></span> <span class='ocrx_word' id='word_1_250' title='bbox 292 3743 407 3824; x_wconf 70' lang='grc' dir='ltr'><em>αὐτοὺς</em></span> <span class='ocrx_word' id='word_1_251' title='bbox 431 3744 699 3832; x_wconf 71' lang='grc' dir='ltr'><em>(Ἀλκμαιωνίόας)</em></span> <span class='ocrx_word' id='word_1_252' title='bbox 722 3748 824 3836; x_wconf 75' lang='grc' dir='ltr'><em>ᾔδετο,</em></span> <span class='ocrx_word' id='word_1_253' title='bbox 849 3748 944 3837; x_wconf 77' lang='grc' dir='ltr'><em>ἤγουν</em></span> <span class='ocrx_word' id='word_1_254' title='bbox 966 3752 1062 3831; x_wconf 79' lang='grc' dir='ltr'><em>μέλος</em></span> <span class='ocrx_word' id='word_1_255' title='bbox 1084 3776 1116 3815; x_wconf 83' lang='grc' dir='ltr'><strong>τι</strong></span> <span class='ocrx_word' id='word_1_256' title='bbox 1132 3751 1294 3838; x_wconf 57' lang='lat' dir='ltr'><strong>&amp;evellisse</strong></span> 
     </span>
     <span class='ocr_line' id='line_1_32' title="bbox 223 3857 1293 3939; baseline 0.009 -23"><span class='ocrx_word' id='word_1_257' title='bbox 223 3857 391 3939; x_wconf 76' lang='grc' dir='ltr'><em>παροίνιον</em></span> <span class='ocrx_word' id='word_1_258' title='bbox 424 3864 577 3928; x_wconf 78' lang='grc' dir='ltr'><em>τοιοῦτον,</em></span> <span class='ocrx_word' id='word_1_259' title='bbox 614 3857 750 3924; x_wconf 83' lang='lat' dir='ltr'><strong>Cramer.</strong></span> <span class='ocrx_word' id='word_1_260' title='bbox 786 3859 904 3924; x_wconf 83' lang='lat' dir='ltr'><strong>Aneod.</strong></span> <span class='ocrx_word' id='word_1_261' title='bbox 942 3859 1037 3925; x_wconf 83' lang='lat' dir='ltr'><strong>Oxou.</strong></span> <span class='ocrx_word' id='word_1_262' title='bbox 1070 3861 1114 3925; x_wconf 93' lang='lat' dir='ltr'><strong>lV</strong></span> <span class='ocrx_word' id='word_1_263' title='bbox 1148 3864 1223 3938; x_wconf 65' lang='lat'><strong>314.</strong></span> <span class='ocrx_word' id='word_1_264' title='bbox 1257 3864 1293 3930; x_wconf 81' lang='lat'><strong>6:</strong></span> 
     </span>
    </p>
   </div>
   <div class='ocr_carea' id='block_1_3' title="bbox 222 4013 1295 4261">
    <p class='ocr_par' dir='ltr' id='par_1_6' title="bbox 222 4013 1295 4261">
     <span class='ocr_line' id='line_1_33' title="bbox 315 4013 1294 4084; baseline 0.005 -16"><span class='ocrx_word' id='word_1_265' title='bbox 315 4013 339 4082; x_wconf 87' lang='lat'><strong>¹)</strong></span> <span class='ocrx_word' id='word_1_266' title='bbox 357 4013 527 4082; x_wconf 85' lang='lat' dir='ltr'><strong>Respicirnus</strong></span> <span class='ocrx_word' id='word_1_267' title='bbox 546 4015 614 4070; x_wconf 85' lang='lat' dir='ltr'><strong>haec</strong></span> <span class='ocrx_word' id='word_1_268' title='bbox 632 4031 702 4082; x_wconf 88' lang='lat' dir='ltr'><strong>quae</strong></span> <span class='ocrx_word' id='word_1_269' title='bbox 721 4015 759 4070; x_wconf 85' lang='lat' dir='ltr'><strong>ibi</strong></span> <span class='ocrx_word' id='word_1_270' title='bbox 778 4016 925 4084; x_wconf 83' lang='lat' dir='ltr'><strong>leguntur:</strong></span> <span class='ocrx_word' id='word_1_271' title='bbox 952 4015 1037 4082; x_wconf 74' lang='grc' dir='ltr'><em>καλὴν</em></span> <span class='ocrx_word' id='word_1_272' title='bbox 1056 4014 1083 4068; x_wconf 77' lang='grc' dir='ltr'><strong>δὲ</strong></span> <span class='ocrx_word' id='word_1_273' title='bbox 1101 4017 1204 4083; x_wconf 72' lang='grc' dir='ltr'><em>ταύτην</em></span> <span class='ocrx_word' id='word_1_274' title='bbox 1222 4019 1294 4080; x_wconf 71' lang='grc' dir='ltr'><strong>(αοῦ.</strong></span> 
     </span>
     <span class='ocr_line' id='line_1_34' title="bbox 222 4101 1295 4177; baseline 0.006 -23"><span class='ocrx_word' id='word_1_275' title='bbox 222 4101 309 4172; x_wconf 74' lang='grc' dir='ltr'><em>ᾠδήν)</em></span> <span class='ocrx_word' id='word_1_276' title='bbox 333 4105 463 4170; x_wconf 80' lang='grc' dir='ltr'><em>ἐνόμιζον</em></span> <span class='ocrx_word' id='word_1_277' title='bbox 488 4104 539 4170; x_wconf 73' lang='grc' dir='ltr'><strong>την</strong></span> <span class='ocrx_word' id='word_1_278' title='bbox 564 4111 726 4175; x_wconf 74' lang='grc' dir='ltr'><em>παραίνεσὶν</em></span> <span class='ocrx_word' id='word_1_279' title='bbox 744 4111 773 4158; x_wconf 84' lang='grc' dir='ltr'><strong><em>τέ</em></strong></span> <span class='ocrx_word' id='word_1_280' title='bbox 797 4127 859 4157; x_wconf 78' lang='grc' dir='ltr'><em>τινα</em></span> <span class='ocrx_word' id='word_1_281' title='bbox 878 4111 922 4158; x_wconf 81' lang='grc' dir='ltr'><strong>καὶ</strong></span> <span class='ocrx_word' id='word_1_282' title='bbox 940 4108 1054 4177; x_wconf 82' lang='grc' dir='ltr'><em>γνώμην</em></span> <span class='ocrx_word' id='word_1_283' title='bbox 1072 4108 1142 4172; x_wconf 79' lang='grc' dir='ltr'><em>ἔχειν</em></span> <span class='ocrx_word' id='word_1_284' title='bbox 1161 4107 1295 4160; x_wconf 76' lang='grc' dir='ltr'><em>δοκοῦσαν</em></span> 
     </span>
     <span class='ocr_line' id='line_1_35' title="bbox 222 4191 568 4261; baseline 0.017 -19"><span class='ocrx_word' id='word_1_285' title='bbox 222 4197 352 4261; x_wconf 80' lang='grc' dir='ltr'><em>χρησίμην</em></span> <span class='ocrx_word' id='word_1_286' title='bbox 371 4196 407 4247; x_wconf 80' lang='lat' dir='ltr'><strong>ola</strong></span> <span class='ocrx_word' id='word_1_287' title='bbox 426 4191 478 4244; x_wconf 83' lang='grc' dir='ltr'><strong>τὸν</strong></span> <span class='ocrx_word' id='word_1_288' title='bbox 496 4198 568 4260; x_wconf 78' lang='grc' dir='ltr'><em>βίον.</em></span> 
     </span>
    </p>
   </div>
   <div class='ocr_carea' id='block_1_4' title="bbox 0 0 1472 4882">
    <p class='ocr_par' dir='ltr' id='par_1_7' title="bbox 0 0 1472 4882">
     <span class='ocr_line' id='line_1_36' title="bbox 0 0 1472 4882; baseline 0 0"><span class='ocrx_word' id='word_1_289' title='bbox 0 0 1472 4882; x_wconf 95' lang='lat' dir='ltr'><strong> </strong></span> 
     </span>
    </p>
   </div>
  </div>
 </body>
</html>
