2934 4882
195 461 212 533 ᾖ
232 462 275 519 15.
304 461 465 518 convivalia
483 461 606 531 vestigia
624 467 760 530 apparent
778 461 806 515 in
827 461 982 530 eclogarum
1002 460 1183 515 ordinatione.
1225 464 1266 527 63

195 641 284 708 rideo
319 644 425 707 tamen
459 660 519 724 quo
554 641 621 705 iure
656 640 727 705 inde
762 640 885 705 cantica
919 638 1095 723 intelligere
1127 641 1267 704 vetemur

197 747 309 830 quibus
339 747 421 812 inter
453 766 486 812 se
517 746 647 811 iuvenes
675 745 870 812 cavillentur.
917 745 1006 811 Talia
1030 746 1140 812 deinde
1164 745 1265 810 subito

197 855 230 918 et
253 873 289 918 ex
312 855 452 935 tempore
475 854 602 917 cantata
626 870 693 916 csse
716 854 956 917 consentaneum
977 870 1051 916 sanc
1069 854 1126 917 cst.
1158 852 1266 933 Neque

196 959 302 1035 miror,
327 959 354 1022 si
378 959 411 1023 et
433 957 640 1040 responsionis
656 957 720 1040 legi
736 957 1035 1039 obtemperaverunt.
1069 956 1157 1035 Quod
1173 957 1266 1031 enirn,

196 1066 285 1149 qussi
314 1066 395 1130 inter
426 1083 459 1129 se
492 1063 632 1129 homines
665 1061 840 1145 loquantur,
874 1061 1046 1126 convivalia
1073 1063 1211 1126 earmina
1234 1079 1266 1125 se

197 1169 363 1254 excipiunt,
388 1169 455 1233 eius
479 1169 602 1252 generis
619 1167 757 1251 exempla
772 1167 920 1233 nonnulla
935 1168 968 1231 in
983 1174 1090 1233 nostra
1106 1187 1130 1232 s.
1148 1170 1267 1233 exstare

196 1276 247 1341 vix
276 1275 392 1360 poterit
423 1276 542 1357 negari.
590 1273 685 1337 Velut
712 1273 835 1337 mulieri
859 1273 913 1337 isti
936 1291 1013 1355 quae
1036 1292 1086 1336 vv.
1112 1273 1267 1340 579-80

194 1381 333 1466 loquitur
356 1383 498 1464 sequenti
522 1381 655 1445 disticho
678 1399 859 1463 responsum
882 1379 949 1444 dari
964 1399 1056 1464 supra
1073 1377 1106 1465 (ξ
1123 1383 1179 1452 121
1195 1381 1260 1444 iarn

194 1488 284 1553 uobis
318 1487 461 1553 ridemur
495 1484 694 1550 intellexisse.
750 1484 931 1548 Addiderim
966 1483 1004 1548 ad
1038 1503 1075 1549 ea
1109 1503 1187 1567 quae
1222 1484 1266 1548 ibi

194 1594 332 1675 exposui,
365 1593 509 1675 parodiae
541 1591 695 1656 rationem
725 1593 872 1672 a'pparere
904 1590 937 1652 in
966 1607 1121 1673 responso,
1155 1608 1267 1654 cuma

196 1696 290 1761 verbo
329 1693 476 1780 ἐχθαίρω
514 1700 677 1779 utrumque
716 1695 869 1760 distichon
904 1695 1047 1778 incipiet,
1086 1715 1157 1760 cum
1193 1714 1267 1760 vero

196 1801 381 1885 obloquendi
404 1803 540 1880 modum,
574 1805 610 1866 ut
641 1821 695 1884 per
725 1800 884 1884 parodiam
913 1801 1068 1865 canticum
1092 1799 1266 1877 obiiciatur,

196 1907 355 1971 observari
393 1910 554 1990 praeterea
593 1907 623 1969 in
663 1906 803 1969 versibus
844 1909 1029 1982 llus—56,
1076 1907 1103 1970 si
1141 1906 1266 1989 quidem

197 2014 387 2078 eontrarium
410 2012 475 2078 foro
496 2012 542 2077 ibi
559 2013 739 2076 enuntiatur
755 2016 847 2094 atquc
863 2011 895 2075 in
912 2011 1105 2077 antecedenti
1123 2011 1266 2090 disticho,

197 2118 279 2183 unde
311 2119 455 2183 exeuntia
481 2119 575 2183 rerba
598 2119 796 2200 usurpantur.
844 2118 940 2195 Quasi
964 2119 1045 2182 inter
1068 2137 1101 2183 sc
1125 2119 1266 2183 homines

194 2225 371 2307 loquantur,
397 2226 429 2287 et
452 2224 510 2287 duo
534 2223 670 2288 disticha
694 2242 771 2307 quac
794 2221 865 2286 inde
886 2242 954 2303 au,
968 2224 1053 2290 1044
1070 2221 1217 2305 leguntur
1233 2241 1265 2286 se
1362 2243 1365 2248 ·

196 2327 363 2409 excipiunt.
389 2326 465 2390 Cum
475 2327 558 2391 enirn
566 2331 799 2396 varon—45
808 2347 881 2410 pars
890 2329 1088 2392 convivarum
1098 2347 1130 2390 se
1139 2327 1265 2392 domum

195 2433 369 2500 dormiendi
393 2450 487 2497 causa
509 2433 606 2497 ituros
631 2451 698 2497 esse
722 2434 977 2508 enuntiarissent,
1001 2431 1208 2495 subiiciuntur
1228 2449 1264 2494 ea

195 2543 308 2627 quibus
343 2540 532 2624 praedicitur
568 2540 631 2604 fore
666 2543 701 2604 ut
735 2542 773 2605 ab
808 2539 884 2616 illis,
923 2538 1063 2622 quamvis
1099 2537 1264 2615 dormiant,

196 2659 371 2714 ceterorum
392 2648 482 2711 turba
498 2650 603 2710 tamen
619 2646 789 2729 recipiatur
805 2644 1082 2710 commissabunda.
1116 2644 1263 2726 Denique,

195 2757 233 2820 ut
254 2755 317 2820 alia
340 2754 496 2826 omittam,
520 2770 567 2816 rr.
595 2753 768 2820 1211-16
792 2771 847 2835 pro
871 2770 1015 2835 responso
1039 2751 1182 2834 accipias,
1208 2769 1265 2832 quo

195 2860 281 2926 aliud
297 2879 421 2926 carmen
438 2860 600 2940 exceptum
619 2856 723 2934 fuerit,
742 2858 821 2941 quod
835 2879 916 2922 nuno
928 2877 987 2923 non
1001 2860 1110 2924 exstat.
1140 2857 1266 2921 Mulieri

195 2967 280 3032 enim
302 2969 395 3050 poeta
418 2965 463 3029 ibi
486 2965 673 3047 obloquitur,
706 2967 852 3031 hetaerae
875 2965 1031 3038 nimirum,
1056 2981 1135 3046 quae
1157 2962 1265 3027 ludens

195 3093 267 3138 eum
283 3075 405 3156 ingrate
422 3075 588 3154 carpserat.
619 3072 737 3137 Ludere
754 3076 857 3137 autern
871 3071 984 3156 aliquis
997 3068 1118 3133 solebat
1129 3070 1265 3133 carmine

195 3175 359 3252 convivali,
382 3177 534 3259 utsupra
557 3175 590 3262 (ξ
616 3179 671 3255 13)
694 3177 837 3244 vidimus.

287 3281 323 3345 ln
356 3283 494 3346 conuiuio
529 3281 627 3362 igitur
663 3284 787 3363 potores
817 3281 954 3345 carmine
985 3283 1137 3362 cantuque
1169 3278 1265 3342 etiam

195 3379 378 3466 ‘sponsata
392 3381 594 3465 ἐωθοῦντο,
612 3388 647 3449 ut
663 3384 823 3468 Apollonii
840 3386 953 3449 Rhodii
970 3386 1072 3450 verbis
1089 3389 1171 3460 utar,
1188 3402 1265 3466 quac

193 3489 251 3556 ille
273 3492 378 3573 posuit
402 3492 518 3574 Argon.
544 3490 558 3552 l
582 3491 736 3558 457--59
760 3492 805 3554 ita
829 3489 970 3572 loquens:

285 3632 329 3642 -
358 3632 402 3642 -
433 3634 476 3641 —
508 3598 681 3676 propensata
705 3589 733 3657 δ’
757 3591 927 3678 ἀμοιβαδὶς
950 3591 1133 3682 ἀλλήλοισιν

284 3696 457 3782 μυθεῦνθ’,
481 3695 535 3763 οἷά
559 3723 594 3763 τε
617 3701 724 3764 πολλὰ
750 3706 814 3765 νέοι
836 3701 927 3786 παρὰ
950 3701 1036 3764 δαιτὶ
1060 3702 1112 3764 καὶ
1138 3700 1213 3785 οἴνῳ

284 3807 425 3891 τερπνῶς
447 3803 637 3892 ἑψιόωνται,
661 3803 707 3871 ὅτ’
733 3805 834 3884 ἄατος
857 3806 946 3891 ὕβρις
969 3803 1075 3891 ἀπείη.

194 3913 296 3993 Quem
319 3915 422 3980 locum
446 3917 539 3981 ctiam
564 3913 810 3996 lingelbreohtus
833 3934 861 3996 p.
887 3916 927 3980 18
951 3914 1087 3996 respexit
1109 3933 1169 3978 una
1192 3933 1264 3978 cum

193 4020 322 4086 Pindari
355 4023 458 4087 verbis
492 4017 546 4084 οἶα
580 4021 736 4101 παίζομεν
770 4021 868 4104 φίλον
902 4016 1012 4105 ἄνδρες
1048 4016 1132 4102 ἀμφὶ
1168 4019 1263 4100 lupo?

193 4124 359 4212 τράπεζαν
383 4128 448 4212 (Ol.
474 4135 503 4207 l,
528 4128 596 4212 22).
645 4128 731 4193 Dicit
753 4131 856 4193 autern
881 4129 1005 4193 deinde:
