2934 4882
207 458 247 522 62
289 457 305 525 ὅ
328 455 367 512 15.
396 454 558 511 convivalia
576 452 697 523 vertigiu
716 459 850 521 apparent
868 452 896 507 in
915 452 1072 522 eclogarum
1090 451 1283 509 ordinatione.

207 635 351 700 convivus
382 635 546 716 provectos
577 651 644 697 esse
668 631 760 697 facile
783 630 899 697 eredes.
946 629 1041 696 (iuius
1064 631 1190 714 generis
1213 651 1286 697 eer-

207 758 325 816 mones,
349 741 381 803 in
406 739 516 821 quibus
532 740 624 823 poete
639 759 708 804 enm
726 738 830 820 aliquo
846 737 970 803 homine
986 737 1113 816 rixetur,
1136 757 1155 803 e
1172 741 1285 804 nostre

208 869 232 913 s.
266 866 326 912 non
359 846 467 911 abesse
500 866 596 931 supro
619 849 652 929 (ξ
675 849 709 922 8)
733 847 794 910 iam
819 844 965 922 vidimus,
989 844 1042 909 ubi
1064 845 1160 909 etium
1184 864 1284 927 quem

208 952 342 1018 maxime
373 952 407 1015 in
438 971 505 1017 enm
533 954 738 1037 suspicionem
762 952 850 1018 nobie
873 954 1022 1017 venerunt
1044 953 1080 1016 ut
1103 951 1285 1018 convivalia

208 1057 329 1121 cantion
363 1055 489 1122 fuerint.
538 1059 669 1123 Alteme
699 1061 803 1124 eutem
835 1056 1031 1123 contentione
1060 1057 1138 1122 teliu
1161 1058 1286 1124 iectute

209 1181 276 1227 esee
300 1181 371 1226 cum
394 1182 411 1226 e
435 1182 538 1228 rerum
562 1165 674 1229 nature
697 1165 749 1239 eit,
775 1165 842 1227 tum
865 1181 901 1227 ex
924 1162 973 1227 hie
996 1161 1141 1227 concludi
1162 1166 1284 1247 potest,

209 1287 287 1352 quoe
310 1269 470 1334 Homerici
492 1269 601 1353 hymni
624 1269 657 1334 in
681 1269 776 1333 Mero.
802 1289 830 1337 r.
856 1272 898 1336 54
921 1286 987 1351 sqq.
1011 1269 1149 1333 exstent:

683 1373 763 1450 θεὸς
786 1370 813 1437 δ
839 1371 906 1439 ὑπὸ
929 1373 1027 1439 καλὸν
1048 1370 1154 1438 ἀειδεν

344 1477 377 1560 ἐξ
401 1476 605 1566 αὐτοσχεδίης
628 1479 830 1564 πειρώμενος,
855 1475 931 1567 ήότε
953 1482 1058 1565 κοῦροι

344 1580 459 1674 ήβηταὶ
483 1586 622 1671 θαλίῃσι
645 1585 830 1671 παραιβόλα
853 1591 1084 1672 κερτομέουσιν.

118 1741 123 1752 .
213 1694 278 1774 Quo
317 1692 385 1758 loco
418 1694 444 1756 ei
480 1694 639 1774 quaeritur
673 1693 746 1776 quid
779 1694 856 1757 inuit
889 1694 920 1757 in
956 1693 1047 1758 dietis
1082 1691 1288 1778 ιπαραιβόλα

211 1798 453 1885 κερτομέουσιν,
493 1799 595 1863 nescio
635 1798 748 1882 quibus
786 1799 960 1864 rationibus
998 1799 1130 1864 confisus
1166 1800 1289 1883 Engel·

213 1907 357 1970 breohtus
381 1906 412 1968 in
438 1904 658 1970 dissertatione
682 1925 710 1987 q.
728 1906 748 1968 i.
772 1905 809 1970 de
833 1904 997 1970 seoliorum
1019 1907 1104 1989 poeti
1127 1905 1289 1990 (Vindob.

216 2013 316 2092 1882)
339 2011 397 2074 hoc
420 2009 569 2073 iudicium
594 2010 703 2074 tulerit
725 2031 754 2093 p.
781 2013 837 2078 17:

303 2116 389 2194 Quod
421 2117 448 2180 si
479 2115 576 2200 llgen‚
610 2120 646 2182 nt
678 2118 779 2182 obiter
811 2117 843 2181 id
875 2136 995 2200 quoque
1028 2135 1289 2194 commemorem,

301 2221 440 2288 affirmet
469 2220 657 2307 παραιβόλα
681 2222 857 2305 significare
881 2223 1034 2302 invicem,
1065 2222 1187 2287 alterne
1209 2240 1290 2287 oon·

303 2330 462 2408 tentione,
499 2329 594 2395 falsus
631 2331 696 2405 eet3
731 2349 803 2395 nam
838 2330 921 2394 idem
953 2331 1000 2394 est
1029 2325 1218 2414 παραιβόλα
1250 2349 1291 2395 ee

302 2433 508 2521 παραβλήδην
530 2435 580 2500 vel
603 2439 640 2499 ut
662 2437 772 2500 Latine
797 2435 897 2500 dicem
921 2435 1069 2506 ‘occultet

214 2547 280 2625 Quo
312 2546 379 2611 iure
411 2545 509 2627 igitur
542 2544 600 2608 hoc
631 2544 778 2609 statuerit
802 2543 901 2607 fateor
924 2562 974 2606 me
998 2541 1124 2609 nescire.
1172 2541 1291 2626 Neque

214 2652 295 2715 enim
328 2651 502 2734 exemplum
534 2651 654 2717 attulit.
702 2647 914 2735 Παραβλήδην
937 2669 1008 2715 vero
1032 2649 1140 2715 ecdem
1162 2651 1292 2716 ratione

215 2759 308 2839 atque
337 2749 509 2836 ἀμοιβαδίς
542 2754 622 2821 haud
652 2755 743 2819 dubie
767 2755 804 2820 ab
830 2755 994 2838 Apollonio
1017 2755 1138 2820 Rhodio
1162 2757 1289 2839 Argon.

215 2860 335 2927 11450
359 2862 533 2941 usurpatur,
558 2880 629 2924 cum
652 2861 701 2924 his
725 2860 833 2925 dictis:

255 2961 306 3041 Ὣς
328 2959 403 3046 τώγ)
427 2959 613 3050 ἀλλήλοισιν
636 2962 842 3050 παραβλήδην
864 2959 1014 3050 ἀγόρευον

216 3073 324 3138 statim
348 3072 493 3139 subiiciat

260 3173 375 3242 αὐτίκα
386 3173 458 3242 δὀό
469 3177 549 3258 μετά
560 3175 653 3262 δηρόν
664 3174 924 3258 ἀμειβομένων
936 3171 1088 3262 ἐφαάνθη
1102 3171 1291 3263 ήἨριγένης.

217 3283 437 3370 Παραβάλλειν
460 3284 574 3368 λόγους
594 3285 703 3351 deinde
727 3287 758 3349 in
780 3285 920 3350 Plutonis
936 3285 1097 3369 Symposio
1120 3288 1159 3368 (p.
1181 3286 1251 3352 214
1260 3284 1292 3368 c)

217 3393 254 3456 de
285 3411 424 3457 sermone
455 3392 570 3456 edendo
603 3392 717 3455 dicitur
748 3392 799 3473 qui
832 3411 888 3473 pur
918 3391 961 3454 eit
991 3393 1036 3457 eie
1066 3391 1120 3475 qui
1150 3390 1191 3455 ab
1214 3388 1293 3454 aliis

217 3498 355 3564 convivis
378 3500 443 3563 iam
466 3499 542 3562 editi
557 3501 629 3563 eint.
667 3500 728 3578 Qui
744 3500 824 3564 ulter
840 3519 949 3565 sensus
965 3501 1079 3582 etipse
1094 3499 1126 3562 in
1142 3499 1293 3561 nostrum

218 3604 320 3669 locum
353 3605 479 3686 egregie
509 3603 619 3668 cudere
650 3606 727 3668 mihi
760 3605 890 3669 videtur.
945 3605 1014 3670 Non
1045 3605 1129 3669 recte
1159 3603 1292 3669 omnino

219 3713 464 3795 Engelbreehtus
498 3714 557 3777 hoc
592 3713 731 3778 instituit
765 3733 835 3779 mea
869 3713 1031 3785 sententia,
1067 3708 1147 3794 quod
1178 3711 1294 3774 eontra

219 3819 362 3902 llgenum
378 3819 495 3885 faciens
512 3818 677 3885 sooliorum
693 3822 810 3903 poesim
827 3839 862 3885 εο
878 3819 946 3885 loco
964 3818 1134 3903 significari
1148 3818 1292 3901 negavit.

219 3928 411 4010 Quamquam
436 3928 519 3992 enim
543 3947 666 3991 summe
689 3928 927 4011 comparationis
950 3929 982 3991 in
999 3945 1035 3991 οο
1050 3925 1153 4007 positu
1168 3925 1227 4001 eet,
1255 3927 1296 3989 ut

219 4033 347 4099 fortuito
379 4034 463 4098 edita
495 4052 593 4115 neque
626 4035 777 4099 meditatu
810 4036 874 4099 sint
897 4037 929 4099 et
952 4054 989 4099 eu
1012 4051 1090 4117 quoe
1112 4030 1296 4096 Mercurius

219 4142 304 4206 canit
335 4144 367 4207 et
397 4161 434 4206 ευ
465 4142 574 4222 quibus
605 4143 732 4206 invenes
755 4142 787 4204 in
811 4141 951 4206 convivio
975 4159 1008 4205 ee
1031 4138 1196 4213 luceneunt,
1227 4156 1297 4203 non
