2934 4882
268 489 310 552 60
352 488 369 554 g
389 487 433 541 15.
462 485 623 541 convivalia
641 485 761 555 vestigia
780 492 915 554 apparent
933 485 962 540 in
980 486 1137 554 eclogarum
1156 485 1341 544 ordinatione.

267 665 347 731 Scol.
375 666 416 731 18
439 663 498 748 (20
521 663 635 750 Bglv.):
701 684 705 691 ·

354 765 433 832 Εἴθ’
457 769 581 856 ἄπυρον
605 769 702 837 καλὸν
724 775 869 857 γενοίμην
891 776 976 854 μέγα
998 773 1137 856 χρυσίον,

357 879 412 940 καί
435 899 474 957 με
497 874 577 962 uuir}
602 875 679 960 γυνη
705 879 818 961 φοροίη
841 875 988 959 καθαρόν
1010 879 1130 961 θεμένη
1154 873 1234 940 νόον.

267 985 386 1049 Rursus
408 983 506 1066 igitur
528 1003 610 1048 nunc
632 982 748 1065 aliquid
773 984 971 1048 observamus
994 983 1074 1066 quod
1090 1002 1186 1066 aeque
1201 983 1235 1046 in
1250 982 1344 1047 Atti-

267 1092 311 1156 cis
342 1090 447 1156 sooliis
470 1089 574 1155 locum
597 1090 691 1154 habet
714 1091 807 1172 atque
831 1090 863 1152 in
888 1093 993 1155 nostra
1016 1090 1146 1172 sylloge,
1176 1090 1207 1153 et
1231 1107 1344 1153 rursus

267 1197 330 1262 tue
353 1196 425 1279 quid
448 1195 526 1260 illud
551 1199 611 1274 est,
638 1201 674 1259 ut
697 1193 889 1260 convivalem
913 1195 1166 1260 consuetudinem
1189 1193 1286 1258 facile
1310 1194 1345 1258 in

267 1321 303 1367 eo
338 1321 496 1385 agnoscas.
550 1301 770 1384 Responsionis
805 1320 923 1366 morem
958 1321 1029 1367 oum
1060 1301 1155 1365 cantu
1185 1300 1346 1366 convivali

267 1409 466 1474 coniunctum
498 1406 593 1473 fuisse
627 1405 750 1471 aliunde
775 1424 895 1488 quoque
919 1408 1053 1472 constat.
1100 1404 1193 1469 Velut
1218 1405 1346 1470 cantica

268 1515 423 1596 suscipere
445 1513 552 1578 solitos
569 1531 635 1576 esse
652 1514 775 1595 potores
792 1531 827 1576 ex
844 1511 986 1594 Dionysii
1003 1511 1183 1578 Chalcentis
1199 1512 1346 1577 versibus

267 1620 349 1703 apud
365 1621 560 1684 Athenaeum
585 1619 642 1683 XV
665 1640 695 1702 p.
720 1619 812 1687 6690
835 1620 967 1683 servatis
991 1621 1133 1702 apertum
1156 1618 1203 1696 fit,
1229 1619 1347 1701 quibus

268 1727 404 1792 sodalem
428 1726 579 1810 quendam
603 1727 635 1790 iu
658 1728 739 1790 huno
761 1717 889 1791 modum
913 1725 1063 1809 appellat:

405 1870 442 1880 —
470 1871 514 1879 -
533 1830 625 1912 ὁέχοο
648 1829 740 1916 τήνδε
763 1835 1002 1915 προπινομένην

357 1937 412 2024 τὴν
435 1934 494 2000 ἀπ’
518 1937 598 2019 ἐμοῦ
621 1941 768 2023 ποίησιν·
785 1934 848 2020 ἐγὼ
873 1931 901 2000 d'
925 1933 1070 2015 ἐπιδέξια
1093 1942 1218 2018 πέμπω

402 2045 455 2108 σοὶ
477 2042 594 2129 πριότιμ
618 2046 756 2128 χαρίτων
779 2040 950 2127 ἐγκεράσας
972 2041 1114 2128 χάριτας,

357 2150 411 2212 καὶ
435 2150 473 2214 σύ
497 2149 604 2234 λαβών
626 2149 698 2214 τόδε
722 2149 822 2235 διόρσν
845 2143 958 2225 όοιδάς
980 2144 1212 2236 α’ντιπρόπιθι,

402 2254 580 2338 συμπόσιον
603 2257 728 2337 κοσμῶν
751 2255 805 2319 καὶ
828 2254 866 2318 τό
889 2254 946 2318 σόν
968 2245 1002 2318 εὖ
1027 2258 1172 2338 θέμενος.

268 2364 395 2430 Accedit
412 2365 631 2449 Aristophanis
648 2365 871 2429 testimonium.
905 2364 1077 2447 Vesperum
1093 2364 1176 2429 enim
1192 2384 1225 2433 v.
1244 2367 1348 2445 1222,

268 2470 321 2534 ubi
344 2469 510 2554 Bdelyoleo
534 2470 626 2537 dicit:

401 2575 525 2651 τούτοις
548 2575 647 2652 ξυνὼν
670 2575 709 2638 τοὶ
735 2568 835 2638 σκόλι’
860 2569 950 2650 όπιος
973 2572 1063 2654 δέξει,

269 2685 302 2747 et
333 2682 533 2764 sequentibus
561 2679 656 2746 scolis
679 2680 809 2744 Athenis
832 2680 878 2744 ita
900 2680 933 2744 in
957 2681 1096 2746 convivio
1120 2685 1250 2749 canmta
1275 2705 1347 2750 esee

271 2787 426 2863 docemur,
462 2789 498 2852 ut
532 2788 611 2852 alius
645 2789 773 2852 conviva
808 2787 869 2852 alio
901 2785 996 2852 seolio
1026 2788 1104 2853 illud
1135 2791 1216 2872 quod
1248 2792 1347 2859 modo

270 2896 431 2959 oanmtum
454 2895 496 2958 sit
519 2894 699 2976 susceperit.
747 2893 864 2957 Urbani
889 2895 994 2957 autem
1016 2895 1150 2959 hominis
1173 2894 1274 2960 fuisse
1299 2898 1347 2963 ibi

268 3003 484 3085 comperimus,
500 3005 536 3068 ut
552 3004 584 3067 in
600 3006 744 3087 promptu
761 3002 900 3078 haberet,
919 3021 977 3084 quo
994 3001 1092 3066 altero
1105 3000 1200 3067 scolio
1213 3006 1346 3068 cantum

269 3111 440 3193 susciperet
472 3111 567 3195 (resp.
600 3129 647 3174 vv.
684 3107 884 3191 tate-40).
939 3106 1019 3186 Quid
1050 3108 1175 3174 autem?
1210 3110 1345 3176 Nihilne

268 3215 427 3282 relationis
458 3217 520 3282 fuit
550 3215 744 3300 suscipiendo
778 3215 872 3280 alicui
901 3216 996 3281 scolio
1023 3236 1094 3281 oum
1118 3235 1154 3281 eo
1177 3235 1238 3300 quo
1264 3217 1346 3282 illud

269 3323 382 3405 suscipi
414 3321 570 3387 debebat?
606 3324 645 3387 ut
672 3325 828 3388 orat-iones
851 3322 1012 3388 videamus
1036 3343 1117 3406 quae
1141 3324 1173 3387 in
1198 3322 1346 3390 Platonis

271 3427 432 3509 Symposio
449 3448 467 3492 a
483 3428 693 3493 convivalibus
709 3428 876 3493 habentur!
902 3429 986 3507 Quas
1002 3430 1047 3495 ita
1062 3429 1203 3512 accipere
1215 3429 1346 3509 debeas,

268 3535 303 3596 ut
333 3551 388 3616 pro
418 3532 546 3596 canticis
570 3531 699 3598 fuerint.
746 3535 824 3598 Cum
848 3535 931 3597 enim
954 3535 1099 3600 cantandi
1122 3554 1241 3600 morem
1268 3556 1346 3602 con-

269 3634 402 3700 vivalem
419 3634 559 3700 Platonis
581 3639 772 3721 temporibus
790 3638 853 3704 fere
871 3641 1032 3706 evanuisse
1049 3640 1235 3705 credendum
1251 3642 1348 3708 nobis

269 3742 322 3818 sit,
354 3742 406 3824 qui
430 3760 490 3824 quo
513 3745 652 3827 tempore
678 3745 899 3827 Aristophanes
923 3746 1032 3812 Nubas
1056 3746 1159 3812 docuit
1181 3747 1348 3813 obsoletus

268 3849 331 3913 iam
354 3848 460 3932 fuit‚1)
483 3850 516 3913 in
540 3870 575 3916 eo
596 3851 676 3934 quod
693 3849 758 3914 ‘inl
774 3849 874 3930 διξιά’
892 3853 1083 3917 circumeunt
1098 3851 1183 3933 (vide
1199 3848 1230 3935 p.
1250 3854 1348 3922 117d

361 4008 384 4075 1)
403 4007 572 4075 Respioimus
597 4009 654 4063 eius
680 4010 834 4065 comoediae
860 4027 904 4064 vv.
932 4010 1082 4077 tuto-58,
1107 4009 1154 4064 ubi
1181 4010 1351 4080 Phidippidi

268 4093 361 4149 iuveni
387 4096 530 4162 antiquum
550 4097 689 4168 (ἀρχαῖον)
708 4099 819 4153 videtur
838 4098 873 4152 ad
892 4098 1017 4154 citharae
1036 4104 1146 4153 cantum
1165 4097 1195 4152 in
1214 4100 1350 4156 convivio

270 4196 375 4237 canere.
