2934 4882
253 493 294 557 70
340 489 417 557 917.
446 488 727 558 Quomodoaocidero
745 485 876 556 potnerit,
895 492 928 541 ut
945 491 1041 541 nostra
1059 485 1165 555 sylloge
1183 490 1238 542 etc.

252 667 348 753 Cyrni
378 687 489 734 nomen
518 687 579 734 non
612 686 721 733 curans
750 665 971 750 aTheognide
994 640 1178 742 abiudicem
1209 667 1325 748 utpote

253 775 307 860 qui
330 775 368 840 ab
392 775 459 840 eius
482 775 607 858 ingenio
631 775 830 839 abhorreant:

255 917 420 986 129—30:
446 909 533 999 Μήτ’
561 908 675 998 ἀρετὴν
697 910 802 993 εὔχου,
826 910 1027 997 Πολυπαΐδη,
1055 909 1166 991 ἔξοχος
1187 903 1272 975 εἶναι

486 1014 559 1106 μήτ’
583 1017 714 1104 ἄφενος·
738 1027 854 1100 μοῦνον
877 1013 905 1081 δ’
927 1013 1018 1103 ἀνδρὶ
1041 1022 1163 1100 γένοιτο
1185 1014 1278 1102 τύχη.

253 1145 421 1214 653—54:
446 1138 620 1225 Εὐδαίμων
641 1142 708 1230 εἵην
730 1167 763 1207 κε
788 1145 879 1218 θεοῖς
901 1141 997 1227 φίλος
1019 1135 1244 1214 ἀθανάτοισιν,

490 1246 600 1332 Κύρν’·
624 1245 735 1335 ἀρετῆς
758 1244 786 1312 d’
812 1245 909 1332 ἄλλης
932 1242 1081 1331 οὐδεμιῆς
1103 1241 1231 1330 ἔραμαι.

253 1387 393 1472 Denique
425 1388 463 1454 de
487 1389 687 1472 Theognidea
716 1407 861 1453 versuum
890 1387 1064 1455 1353—56
1088 1384 1208 1466 origine
1232 1383 1327 1458 dubi-

253 1495 315 1560 tari
344 1498 457 1579 potest,
492 1515 565 1561 cum
596 1497 714 1580 primus
744 1514 851 1560 eorum
881 1511 917 1558 ex
948 1513 978 1558 v.
1010 1495 1068 1560 301
1104 1492 1223 1576 petitus
1253 1509 1326 1556 esse

254 1599 405 1666 videatur.
464 1603 558 1686 Cyrni
591 1621 704 1668 nomen
738 1620 957 1684 nonnunquam
991 1599 1099 1664 fraudo
1131 1598 1326 1663 carminibus

254 1707 465 1773 convivalibus
487 1708 542 1774 illa
558 1729 612 1773 um
635 1728 703 1774 csse
723 1727 759 1773 eo
776 1706 954 1772 credibilius
970 1706 1079 1771 deinde
1094 1704 1141 1782 fit,
1164 1704 1246 1788 quod
1262 1722 1326 1786 qua

255 1814 375 1878 ratione
406 1813 482 1879 illud
506 1815 645 1880 accidere
668 1815 806 1898 potuerit
829 1815 924 1879 etiam
949 1812 1098 1898 dispicere
1119 1829 1209 1896 posse
1233 1809 1326 1875 nobis

189 1972 192 1977 .
253 1918 400 1983 videmur.
436 1920 523 1998 Quod
547 1923 630 1984 enim
653 1921 762 1985 statim
785 1927 857 2004 post
878 1920 1036 2005 prooemia
1051 1937 1088 1983 ca
1103 1917 1204 2001 elegia
1220 1918 1327 1982 exstet

254 2023 307 2088 ubi
330 2044 442 2090 nomen
465 2045 554 2090 suum
579 2030 611 2090 et
626 2028 762 2110 patriam
778 2027 936 2108 Theognis
951 2026 1124 2110 profitetur,
1148 2022 1221 2107 quid
1237 2023 1326 2088 aliud

254 2148 290 2194 ea
323 2150 356 2194 re
391 2132 545 2198 indicatur
574 2135 635 2198 nisi
666 2133 705 2198 ab
736 2152 772 2199 eo
803 2134 880 2198 haec
910 2133 1015 2198 omnia
1045 2149 1123 2215 quae
1153 2132 1327 2213 sequuntur

254 2235 338 2301 edita
355 2242 443 2304 esse?
471 2239 570 2305 Nobis
584 2241 694 2323 igitur,
718 2241 771 2323 qui
786 2239 907 2304 nullum
922 2239 1163 2320 grammaticum
1177 2237 1231 2319 qui
1246 2236 1327 2300 haec

254 2344 454 2425 conquisierit
476 2347 563 2410 nobis
586 2345 736 2429 fingimus
756 2347 868 2429 quique
885 2344 1058 2410 convivalia
1074 2343 1210 2425 vestigia
1226 2343 1328 2406 ctiam

256 2452 453 2532 agnoscimus
484 2454 516 2516 in
547 2453 725 2536 eclogarum
757 2452 948 2517 ordinatione
979 2451 1055 2535 (vid.
1083 2451 1102 2533 ἕ
1127 2451 1167 2516 15
1197 2449 1231 2512 et
1257 2448 1326 2532 16),

257 2556 474 2621 combibonum
496 2557 559 2621 iam
584 2559 664 2622 ratio
687 2558 731 2622 ibi
754 2560 892 2641 apparet,
917 2557 969 2639 qui
990 2556 1094 2619 omnia
1109 2572 1187 2637 qnae
1202 2553 1236 2618 in
1252 2573 1328 2619 con·

256 2661 349 2724 viviis
365 2663 533 2727 cecinerint
548 2664 581 2726 in
593 2663 808 2746 Theognidem
824 2663 961 2729 conferre
975 2662 1179 2747 promptiores
1194 2660 1328 2740 fuerint,

256 2784 327 2828 cum
351 2768 417 2831 eius
437 2769 570 2832 nominis
591 2770 777 2834 auctoritate
793 2771 989 2842 tenetentum
1013 2766 1093 2832 coni.
1109 2767 1189 2850 quod
1205 2766 1329 2831 Heine-

257 2890 388 2936 mannus
404 2873 540 2938 Hermae
563 2873 624 2939 vol.
651 2878 693 2944 34
717 2875 834 2960 (1899)
856 2896 885 2960 p.
909 2877 974 2944 599
997 2876 1030 2938 in
1053 2874 1234 2938 universum
1257 2874 1331 2938 eius

256 2978 288 3041 in
311 2980 397 3062 poesi
420 2979 560 3064 elegiaca
583 2983 800 3047 auctoritatem
824 2984 938 3048 statuit
960 2981 1039 3046 nihil
1060 2979 1116 3044 ille
1138 2978 1263 3062 quidem
1289 2978 1331 3044 de
1374 2973 1377 2980 “

257 3086 411 3151 convivali
434 3087 565 3171 collegio
588 3090 725 3154 sentiens
748 3089 827 3172 quod
850 3089 941 3153 unice
962 3088 1051 3153 nobis
1074 3085 1247 3170 respicitur.

344 3193 412 3256 Iam
443 3194 541 3276 igitur
571 3195 767 3261 combibones
796 3194 885 3260 illum
915 3214 1048 3260 errorem
1076 3191 1192 3258 aluisse
1215 3189 1330 3255 verisi-

257 3296 427 3362 millimum
454 3300 499 3365 fit.
546 3301 683 3380 Quodsi
707 3305 866 3381 statuitur,
894 3305 1109 3388 pervetustum
1133 3317 1205 3363 eum
1228 3297 1330 3363 fnisse

255 3402 331 3465 inde
351 3406 561 3486 consequitur,
585 3425 683 3489 neque
698 3409 859 3479 miramur,
883 3407 964 3490 quod
981 3408 1078 3471 etiam
1094 3405 1332 3486 Theophrastus

255 3508 289 3571 in
320 3510 526 3591 suspicionem
556 3511 652 3586 veuit,
684 3515 720 3576 ut
747 3514 779 3576 in
809 3532 845 3578 eo
873 3515 1013 3578 versatus
1041 3512 1093 3576 sit.
1139 3507 1330 3574 Addiderim

255 3613 337 3676 mihi
368 3615 464 3678 etiam
486 3615 651 3680 Platonem
682 3622 860 3701 suspectum
883 3620 992 3695 videri,
1024 3618 1077 3700 qui
1100 3635 1160 3681 non
1182 3614 1265 3680 liber
1290 3617 1331 3681 ab

258 3735 294 3782 eo
326 3716 430 3783 fuerit.
484 3719 546 3798 Qui
576 3722 656 3803 quod
688 3723 788 3788 multo
817 3725 908 3808 plura
938 3726 1033 3790 etiam
1066 3724 1103 3788 de
1134 3721 1333 3804 Theognidis

258 3822 344 3904 poesi
364 3825 473 3890 sciisse
490 3827 614 3906 dicitur,
638 3848 709 3893 cum
724 3830 805 3895 hunc
821 3833 852 3895 in
868 3832 995 3897 modum
1009 3833 1042 3896 in
1057 3829 1191 3894 Menone
1206 3845 1238 3909 p.
1256 3826 1333 3895 9511

259 3926 419 3994 Socratem
442 3935 475 3996 et
497 3931 662 3999 Menonem
685 3935 870 4002 disserentes
893 3937 1003 4002 faciat:

259 4055 319 4133 (Σ.)
343 4048 503 4118 ἀλλὰκαὶ
529 4061 655 4139 θέογνιν
677 4057 733 4122 τὸν
755 4057 889 4145 ποιητὴν
912 4051 1002 4123 οἶσθ’
1026 4053 1076 4122 ὅτι
1099 4049 1205 4119 ταύτὰ
1224 4060 1335 4118 ταῦτα

258 4155 356 4240 dipem
375 4166 417 4222 Μ.
443 4156 476 4223 ἐν
487 4158 732 4237 holomitreum
749 4171 781 4226 Σ.
795 4160 827 4227 ἐν
841 4173 910 4238 τοῖς
921 4159 1079 4245 ἐλεγείοις,
1096 4151 1136 4225 οὗ
1148 4161 1236 4243 λέγει
1249 4163 1335 4237 xvh,
