<?xml version="1.0" encoding="UTF-8"?>
<!DOCTYPE html PUBLIC "-//W3C//DTD XHTML 1.0 Transitional//EN"
    "http://www.w3.org/TR/xhtml1/DTD/xhtml1-transitional.dtd">
<html xmlns="http://www.w3.org/1999/xhtml" xml:lang="en" lang="en">
 <head>
  <title>
</title>
<meta http-equiv="Content-Type" content="text/html;charset=utf-8" />
  <meta name='ocr-system' content='tesseract 3.04.00' />
  <meta name='ocr-capabilities' content='ocr_page ocr_carea ocr_par ocr_line ocrx_word'/>
</head>
<body>
  <div class='ocr_page' id='page_1' title='image "./exusuconvivalit00wendgoog_0030.png"; bbox 0 0 2934 4882; ppageno 0'>
   <div class='ocr_carea' id='block_1_1' title="bbox 463 509 1268 582">
    <p class='ocr_par' dir='ltr' id='par_1_1' title="bbox 463 509 1268 582">
     <span class='ocr_line' id='line_1_1' title="bbox 463 509 1268 582; baseline 0.001 -17"><span class='ocrx_word' id='word_1_1' title='bbox 463 511 479 582; x_wconf 63' lang='grc' dir='ltr'>ξ</span> <span class='ocrx_word' id='word_1_2' title='bbox 498 512 523 565; x_wconf 87' lang='grc'><strong>4.</strong></span> <span class='ocrx_word' id='word_1_3' title='bbox 552 509 692 566; x_wconf 86' lang='lat' dir='ltr'><strong>Staaiotici</strong></span> <span class='ocrx_word' id='word_1_4' title='bbox 712 517 740 566; x_wconf 89' lang='lat' dir='ltr'><strong>et</strong></span> <span class='ocrx_word' id='word_1_5' title='bbox 758 511 884 566; x_wconf 80' lang='lat' dir='ltr'><strong>sodalicii</strong></span> <span class='ocrx_word' id='word_1_6' title='bbox 902 527 1004 566; x_wconf 79' lang='lat' dir='ltr'><strong>versus.</strong></span> <span class='ocrx_word' id='word_1_7' title='bbox 1226 515 1268 578; x_wconf 83' lang='lat'><strong>23</strong></span> 
     </span>
    </p>
   </div>
   <div class='ocr_carea' id='block_1_2' title="bbox 197 688 1269 1620">
    <p class='ocr_par' dir='ltr' id='par_1_2' title="bbox 197 688 1269 1620">
     <span class='ocr_line' id='line_1_2' title="bbox 198 688 1268 773; baseline 0 -20"><span class='ocrx_word' id='word_1_8' title='bbox 198 690 235 753; x_wconf 93' lang='lat' dir='ltr'><strong>In</strong></span> <span class='ocrx_word' id='word_1_9' title='bbox 264 689 420 755; x_wconf 76' lang='lat' dir='ltr'><strong>sodaliciis</strong></span> <span class='ocrx_word' id='word_1_10' title='bbox 450 690 589 756; x_wconf 86' lang='lat' dir='ltr'><strong>versibus</strong></span> <span class='ocrx_word' id='word_1_11' title='bbox 621 690 716 754; x_wconf 86' lang='lat' dir='ltr'><strong>etiam</strong></span> <span class='ocrx_word' id='word_1_12' title='bbox 750 709 802 754; x_wconf 91' lang='lat' dir='ltr'><strong>eos</strong></span> <span class='ocrx_word' id='word_1_13' title='bbox 833 689 976 772; x_wconf 89' lang='lat' dir='ltr'><strong>ponimus</strong></span> <span class='ocrx_word' id='word_1_14' title='bbox 1001 689 1064 773; x_wconf 90' lang='lat' dir='ltr'><strong>qui,</strong></span> <span class='ocrx_word' id='word_1_15' title='bbox 1098 688 1163 754; x_wconf 90' lang='lat' dir='ltr'><strong>illis</strong></span> <span class='ocrx_word' id='word_1_16' title='bbox 1187 689 1268 754; x_wconf 89' lang='lat' dir='ltr'><strong>haud</strong></span> 
     </span>
     <span class='ocr_line' id='line_1_3' title="bbox 198 795 1267 880; baseline 0.001 -21"><span class='ocrx_word' id='word_1_17' title='bbox 198 795 377 873; x_wconf 79' lang='lat' dir='ltr'><strong>dissimiles,</strong></span> <span class='ocrx_word' id='word_1_18' title='bbox 402 796 575 862; x_wconf 75' lang='lat' dir='ltr'><strong>amicitiam</strong></span> <span class='ocrx_word' id='word_1_19' title='bbox 590 796 777 861; x_wconf 90' lang='lat' dir='ltr'><strong>mentientes</strong></span> <span class='ocrx_word' id='word_1_20' title='bbox 794 799 899 861; x_wconf 82' lang='lat' dir='ltr'><strong>tamen</strong></span> <span class='ocrx_word' id='word_1_21' title='bbox 916 798 948 860; x_wconf 89' lang='lat' dir='ltr'><strong>et</strong></span> <span class='ocrx_word' id='word_1_22' title='bbox 963 797 1149 862; x_wconf 89' lang='lat' dir='ltr'><strong>simulantes</strong></span> <span class='ocrx_word' id='word_1_23' title='bbox 1165 798 1267 880; x_wconf 89' lang='lat' dir='ltr'><strong>potius</strong></span> 
     </span>
     <span class='ocr_line' id='line_1_4' title="bbox 199 901 1269 986; baseline 0.002 -20"><span class='ocrx_word' id='word_1_24' title='bbox 199 901 377 984; x_wconf 77' lang='lat' dir='ltr'><strong>vituperant</strong></span> <span class='ocrx_word' id='word_1_25' title='bbox 390 921 481 984; x_wconf 89' lang='lat' dir='ltr'><strong>quam</strong></span> <span class='ocrx_word' id='word_1_26' title='bbox 494 921 545 968; x_wconf 89' lang='lat' dir='ltr'><strong>cos</strong></span> <span class='ocrx_word' id='word_1_27' title='bbox 558 903 610 985; x_wconf 87' lang='lat' dir='ltr'><strong>qui</strong></span> <span class='ocrx_word' id='word_1_28' title='bbox 627 901 782 967; x_wconf 87' lang='lat' dir='ltr'><strong>sodalibus</strong></span> <span class='ocrx_word' id='word_1_29' title='bbox 799 901 946 986; x_wconf 88' lang='lat' dir='ltr'><strong>opitulari</strong></span> <span class='ocrx_word' id='word_1_30' title='bbox 962 904 1115 968; x_wconf 85' lang='lat' dir='ltr'><strong>recusent.</strong></span> <span class='ocrx_word' id='word_1_31' title='bbox 1156 903 1269 982; x_wconf 79' lang='lat' dir='ltr'><strong>Quales</strong></span> 
     </span>
     <span class='ocr_line' id='line_1_5' title="bbox 198 1009 845 1091; baseline 0.002 -20"><span class='ocrx_word' id='word_1_32' title='bbox 198 1010 271 1071; x_wconf 86' lang='lat' dir='ltr'><strong>sunt</strong></span> <span class='ocrx_word' id='word_1_33' title='bbox 293 1027 342 1074; x_wconf 82' lang='lat' dir='ltr'><strong>vv.</strong></span> <span class='ocrx_word' id='word_1_34' title='bbox 361 1010 491 1077; x_wconf 86' lang='grc'><strong>93-96</strong></span> <span class='ocrx_word' id='word_1_35' title='bbox 516 1009 569 1091; x_wconf 89' lang='lat' dir='ltr'><strong>qui</strong></span> <span class='ocrx_word' id='word_1_36' title='bbox 591 1009 637 1073; x_wconf 88' lang='lat' dir='ltr'><strong>ita</strong></span> <span class='ocrx_word' id='word_1_37' title='bbox 660 1027 693 1074; x_wconf 84' lang='lat' dir='ltr'><strong>sa</strong></span> <span class='ocrx_word' id='word_1_38' title='bbox 717 1010 845 1074; x_wconf 86' lang='lat' dir='ltr'><strong>habent:</strong></span> 
     </span>
     <span class='ocr_line' id='line_1_6' title="bbox 281 1109 1147 1200; baseline -0.001 -23"><span class='ocrx_word' id='word_1_39' title='bbox 281 1111 340 1177; x_wconf 76' lang='grc' dir='ltr'><strong>’Ἤν</strong></span> <span class='ocrx_word' id='word_1_40' title='bbox 362 1138 412 1191; x_wconf 90' lang='grc' dir='ltr'><strong>τις</strong></span> <span class='ocrx_word' id='word_1_41' title='bbox 434 1110 589 1200; x_wconf 78' lang='grc' dir='ltr'><strong><em>έπαινήσῃ</em></strong></span> <span class='ocrx_word' id='word_1_42' title='bbox 613 1135 648 1178; x_wconf 91' lang='grc' dir='ltr'><strong><em>σε</em></strong></span> <span class='ocrx_word' id='word_1_43' title='bbox 670 1113 763 1179; x_wconf 98' lang='grc' dir='ltr'><strong><em>τόσον</em></strong></span> <span class='ocrx_word' id='word_1_44' title='bbox 786 1112 897 1198; x_wconf 91' lang='grc' dir='ltr'><strong><em>χρόνον</em></strong></span> <span class='ocrx_word' id='word_1_45' title='bbox 921 1109 1015 1178; x_wconf 81' lang='grc' dir='ltr'><strong><em>ὅσσον</em></strong></span> <span class='ocrx_word' id='word_1_46' title='bbox 1038 1110 1147 1200; x_wconf 74' lang='grc' dir='ltr'><strong><em>ὁρῴης,</em></strong></span> 
     </span>
     <span class='ocr_line' id='line_1_7' title="bbox 333 1215 1061 1307; baseline 0 -24"><span class='ocrx_word' id='word_1_47' title='bbox 333 1221 520 1305; x_wconf 83' lang='grc' dir='ltr'><strong><em>νοσφισθεὶς</em></strong></span> <span class='ocrx_word' id='word_1_48' title='bbox 543 1215 570 1283; x_wconf 80' lang='grc' dir='ltr'><strong>δ’</strong></span> <span class='ocrx_word' id='word_1_49' title='bbox 595 1218 674 1306; x_wconf 77' lang='grc' dir='ltr'><strong><em>ἄλλῃ</em></strong></span> <span class='ocrx_word' id='word_1_50' title='bbox 698 1222 842 1304; x_wconf 79' lang='grc' dir='ltr'><strong><em>γλῶσσαν</em></strong></span> <span class='ocrx_word' id='word_1_51' title='bbox 866 1218 930 1307; x_wconf 59' lang='lat' dir='ltr'><strong>iniec</strong></span> <span class='ocrx_word' id='word_1_52' title='bbox 952 1218 1061 1305; x_wconf 76' lang='grc' dir='ltr'><strong><em>κακήν,</em></strong></span> 
     </span>
     <span class='ocr_line' id='line_1_8' title="bbox 287 1321 1237 1415; baseline 0 -25"><span class='ocrx_word' id='word_1_53' title='bbox 287 1327 432 1404; x_wconf 85' lang='grc' dir='ltr'><strong><em>τοιοῦτός</em></strong></span> <span class='ocrx_word' id='word_1_54' title='bbox 455 1351 505 1391; x_wconf 92' lang='grc' dir='ltr'><strong>τοι</strong></span> <span class='ocrx_word' id='word_1_55' title='bbox 528 1327 653 1412; x_wconf 82' lang='grc' dir='ltr'><strong><em>ἑταῖρος</em></strong></span> <span class='ocrx_word' id='word_1_56' title='bbox 676 1323 753 1415; x_wconf 71' lang='grc' dir='ltr'><strong><em>ἀνὴρ</em></strong></span> <span class='ocrx_word' id='word_1_57' title='bbox 777 1327 872 1411; x_wconf 80' lang='grc' dir='ltr'><strong><em>(φίλος</em></strong></span> <span class='ocrx_word' id='word_1_58' title='bbox 895 1325 933 1390; x_wconf 80' lang='lat' dir='ltr'><strong>od</strong></span> <span class='ocrx_word' id='word_1_59' title='bbox 955 1350 987 1389; x_wconf 90' lang='grc' dir='ltr'><strong>τι</strong></span> <span class='ocrx_word' id='word_1_60' title='bbox 1010 1321 1084 1406; x_wconf 78' lang='grc' dir='ltr'><strong><em>μάλ’</em></strong></span> <span class='ocrx_word' id='word_1_61' title='bbox 1108 1323 1237 1402; x_wconf 78' lang='grc' dir='ltr'><strong><em>ἐσθλός,</em></strong></span> 
     </span>
     <span class='ocr_line' id='line_1_9' title="bbox 333 1424 1075 1516; baseline 0.003 -22"><span class='ocrx_word' id='word_1_62' title='bbox 333 1426 369 1505; x_wconf 88' lang='grc' dir='ltr'><strong>ός</strong></span> <span class='ocrx_word' id='word_1_63' title='bbox 392 1424 420 1492; x_wconf 79' lang='grc' dir='ltr'><strong>κ’</strong></span> <span class='ocrx_word' id='word_1_64' title='bbox 444 1429 522 1516; x_wconf 82' lang='grc' dir='ltr'><strong><em>ε’ίπῃ</em></strong></span> <span class='ocrx_word' id='word_1_65' title='bbox 545 1430 675 1515; x_wconf 81' lang='grc' dir='ltr'><strong><em>γλώσσῃ</em></strong></span> <span class='ocrx_word' id='word_1_66' title='bbox 698 1431 775 1515; x_wconf 81' lang='grc' dir='ltr'><strong><em>λῴα,</em></strong></span> <span class='ocrx_word' id='word_1_67' title='bbox 800 1436 900 1514; x_wconf 79' lang='grc' dir='ltr'><strong><em>φρονῇ</em></strong></span> <span class='ocrx_word' id='word_1_68' title='bbox 923 1426 951 1494; x_wconf 78' lang='grc' dir='ltr'><strong>δ’</strong></span> <span class='ocrx_word' id='word_1_69' title='bbox 975 1430 1075 1515; x_wconf 75' lang='grc' dir='ltr'><strong><em>ἕτερα.</em></strong></span> 
     </span>
     <span class='ocr_line' id='line_1_10' title="bbox 197 1535 1267 1620; baseline -0.001 -19"><span class='ocrx_word' id='word_1_70' title='bbox 197 1538 336 1617; x_wconf 77' lang='lat' dir='ltr'><strong>Quorum,</strong></span> <span class='ocrx_word' id='word_1_71' title='bbox 359 1537 438 1601; x_wconf 87' lang='lat' dir='ltr'><strong>ratio</strong></span> <span class='ocrx_word' id='word_1_72' title='bbox 455 1536 623 1601; x_wconf 87' lang='lat' dir='ltr'><strong>convivalis</strong></span> <span class='ocrx_word' id='word_1_73' title='bbox 638 1539 799 1620; x_wconf 87' lang='lat' dir='ltr'><strong>praeterea</strong></span> <span class='ocrx_word' id='word_1_74' title='bbox 815 1536 903 1600; x_wconf 89' lang='lat' dir='ltr'><strong>nobis</strong></span> <span class='ocrx_word' id='word_1_75' title='bbox 919 1538 1047 1601; x_wconf 87' lang='lat' dir='ltr'><strong>constat.</strong></span> <span class='ocrx_word' id='word_1_76' title='bbox 1088 1535 1167 1603; x_wconf 87' lang='lat' dir='ltr'><strong>Sunt</strong></span> <span class='ocrx_word' id='word_1_77' title='bbox 1185 1536 1267 1600; x_wconf 88' lang='lat' dir='ltr'><strong>enim</strong></span> 
     </span>
    </p>
   </div>
   <div class='ocr_carea' id='block_1_3' title="bbox 198 1641 1384 1735">
    <p class='ocr_par' dir='ltr' id='par_1_3' title="bbox 198 1641 1384 1735">
     <span class='ocr_line' id='line_1_11' title="bbox 198 1641 1384 1735; baseline -0.002 -28"><span class='ocrx_word' id='word_1_78' title='bbox 198 1642 398 1726; x_wconf 71' lang='lat' dir='ltr'><strong>praeceptivi</strong></span> <span class='ocrx_word' id='word_1_79' title='bbox 426 1643 458 1707; x_wconf 91' lang='lat' dir='ltr'><strong>in</strong></span> <span class='ocrx_word' id='word_1_80' title='bbox 487 1643 595 1724; x_wconf 85' lang='lat' dir='ltr'><strong>quibus</strong></span> <span class='ocrx_word' id='word_1_81' title='bbox 624 1642 730 1726; x_wconf 88' lang='lat' dir='ltr'><strong>quales</strong></span> <span class='ocrx_word' id='word_1_82' title='bbox 754 1641 887 1706; x_wconf 88' lang='lat' dir='ltr'><strong>debeant</strong></span> <span class='ocrx_word' id='word_1_83' title='bbox 911 1660 977 1706; x_wconf 91' lang='lat' dir='ltr'><strong>esse</strong></span> <span class='ocrx_word' id='word_1_84' title='bbox 1000 1642 1156 1707; x_wconf 88' lang='lat' dir='ltr'><strong>sodalibus</strong></span> <span class='ocrx_word' id='word_1_85' title='bbox 1178 1661 1267 1726; x_wconf 86' lang='lat' dir='ltr'><strong>prae·</strong></span> <span class='ocrx_word' id='word_1_86' title='bbox 1381 1729 1384 1735; x_wconf 28' lang='grc' dir='ltr'>Ι</span> 
     </span>
    </p>
   </div>
   <div class='ocr_carea' id='block_1_4' title="bbox 196 1743 1267 1940">
    <p class='ocr_par' dir='ltr' id='par_1_4' title="bbox 196 1743 1267 1940">
     <span class='ocr_line' id='line_1_12' title="bbox 198 1743 1267 1829; baseline -0.004 -15"><span class='ocrx_word' id='word_1_87' title='bbox 198 1749 353 1815; x_wconf 81' lang='lat' dir='ltr'><strong>scribitur.</strong></span> <span class='ocrx_word' id='word_1_88' title='bbox 403 1749 547 1814; x_wconf 80' lang='lat' dir='ltr'><strong>Ceterum</strong></span> <span class='ocrx_word' id='word_1_89' title='bbox 581 1749 676 1813; x_wconf 78' lang='lat' dir='ltr'><strong>etiam</strong></span> <span class='ocrx_word' id='word_1_90' title='bbox 711 1749 743 1813; x_wconf 85' lang='lat' dir='ltr'><strong>iu</strong></span> <span class='ocrx_word' id='word_1_91' title='bbox 777 1748 827 1812; x_wconf 85' lang='lat' dir='ltr'><strong>his</strong></span> <span class='ocrx_word' id='word_1_92' title='bbox 861 1743 1004 1811; x_wconf 74' lang='grc' dir='ltr'><strong><em>ἐπαινεῖν</em></strong></span> <span class='ocrx_word' id='word_1_93' title='bbox 1037 1746 1131 1812; x_wconf 91' lang='grc' dir='ltr'><strong><em>τόσον</em></strong></span> <span class='ocrx_word' id='word_1_94' title='bbox 1157 1745 1267 1829; x_wconf 90' lang='grc' dir='ltr'><strong><em>χρόνον</em></strong></span> 
     </span>
     <span class='ocr_line' id='line_1_13' title="bbox 196 1847 1266 1940; baseline -0.001 -20"><span class='ocrx_word' id='word_1_95' title='bbox 196 1851 292 1920; x_wconf 86' lang='grc' dir='ltr'><strong><em>όσσον</em></strong></span> <span class='ocrx_word' id='word_1_96' title='bbox 315 1847 419 1940; x_wconf 76' lang='grc' dir='ltr'><strong><em>ὁρῴης</em></strong></span> <span class='ocrx_word' id='word_1_97' title='bbox 441 1856 486 1919; x_wconf 86' lang='lat' dir='ltr'><strong>ita</strong></span> <span class='ocrx_word' id='word_1_98' title='bbox 508 1853 600 1920; x_wconf 83' lang='lat' dir='ltr'><strong>facila</strong></span> <span class='ocrx_word' id='word_1_99' title='bbox 617 1855 764 1938; x_wconf 88' lang='lat' dir='ltr'><strong>accipias,</strong></span> <span class='ocrx_word' id='word_1_100' title='bbox 788 1856 824 1918; x_wconf 91' lang='lat' dir='ltr'><strong>ut</strong></span> <span class='ocrx_word' id='word_1_101' title='bbox 845 1853 882 1918; x_wconf 88' lang='lat' dir='ltr'><strong>de</strong></span> <span class='ocrx_word' id='word_1_102' title='bbox 898 1853 996 1919; x_wconf 89' lang='lat' dir='ltr'><strong>sodali</strong></span> <span class='ocrx_word' id='word_1_103' title='bbox 1012 1855 1062 1938; x_wconf 92' lang='lat' dir='ltr'><strong>qui</strong></span> <span class='ocrx_word' id='word_1_104' title='bbox 1079 1855 1111 1919; x_wconf 92' lang='lat' dir='ltr'><strong>in</strong></span> <span class='ocrx_word' id='word_1_105' title='bbox 1127 1855 1266 1920; x_wconf 85' lang='lat' dir='ltr'><strong>convivio</strong></span> 
     </span>
    </p>
   </div>
   <div class='ocr_carea' id='block_1_5' title="bbox 77 1959 1264 2047">
    <p class='ocr_par' dir='ltr' id='par_1_5' title="bbox 77 1959 1264 2047">
     <span class='ocr_line' id='line_1_14' title="bbox 77 1959 1264 2047; baseline -0.003 -19"><span class='ocrx_word' id='word_1_106' title='bbox 77 2034 87 2047; x_wconf 57' lang='grc'><strong><em>,</em></strong></span> <span class='ocrx_word' id='word_1_107' title='bbox 190 1963 280 2028; x_wconf 81' lang='lat' dir='ltr'><strong>adsit</strong></span> <span class='ocrx_word' id='word_1_108' title='bbox 313 1964 405 2045; x_wconf 75' lang='lat' dir='ltr'><strong>potita</strong></span> <span class='ocrx_word' id='word_1_109' title='bbox 441 1961 639 2043; x_wconf 85' lang='lat' dir='ltr'><strong>cogitaverit,</strong></span> <span class='ocrx_word' id='word_1_110' title='bbox 674 1960 818 2044; x_wconf 78' lang='lat' dir='ltr'><strong>idemque</strong></span> <span class='ocrx_word' id='word_1_111' title='bbox 842 1959 917 2025; x_wconf 91' lang='lat' dir='ltr'><strong>illud</strong></span> <span class='ocrx_word' id='word_1_112' title='bbox 935 1960 1037 2026; x_wconf 87' lang='lat' dir='ltr'><strong>valeat</strong></span> <span class='ocrx_word' id='word_1_113' title='bbox 1059 1964 1151 2045; x_wconf 87' lang='lat' dir='ltr'><strong>atque</strong></span> <span class='ocrx_word' id='word_1_114' title='bbox 1175 1960 1264 2046; x_wconf 71' lang='lat' dir='ltr'><strong>nand</strong></span> 
     </span>
    </p>
   </div>
   <div class='ocr_carea' id='block_1_6' title="bbox 196 2065 1266 4287">
    <p class='ocr_par' dir='ltr' id='par_1_6' title="bbox 196 2065 1266 4287">
     <span class='ocr_line' id='line_1_15' title="bbox 197 2065 1266 2154; baseline -0.001 -23"><span class='ocrx_word' id='word_1_115' title='bbox 197 2067 326 2154; x_wconf 75' lang='grc' dir='ltr'><strong><em>κρητῆρι</em></strong></span> <span class='ocrx_word' id='word_1_116' title='bbox 349 2065 419 2132; x_wconf 88' lang='grc' dir='ltr'><strong><em>νόον</em></strong></span> <span class='ocrx_word' id='word_1_117' title='bbox 442 2069 582 2150; x_wconf 75' lang='grc' dir='ltr'><strong><em>θέλγειν,</em></strong></span> <span class='ocrx_word' id='word_1_118' title='bbox 613 2067 691 2150; x_wconf 88' lang='lat' dir='ltr'><strong>quod</strong></span> <span class='ocrx_word' id='word_1_119' title='bbox 716 2088 743 2134; x_wconf 86' lang='lat' dir='ltr'><strong>v.</strong></span> <span class='ocrx_word' id='word_1_120' title='bbox 762 2069 823 2135; x_wconf 79' lang='lat'><strong>981</strong></span> <span class='ocrx_word' id='word_1_121' title='bbox 851 2066 968 2131; x_wconf 82' lang='lat' dir='ltr'><strong>dictum</strong></span> <span class='ocrx_word' id='word_1_122' title='bbox 991 2067 1176 2135; x_wconf 79' lang='lat' dir='ltr'><strong>invenimus,</strong></span> <span class='ocrx_word' id='word_1_123' title='bbox 1216 2065 1266 2131; x_wconf 87' lang='lat' dir='ltr'><strong>Si-</strong></span> 
     </span>
     <span class='ocr_line' id='line_1_16' title="bbox 196 2172 1266 2260; baseline 0.001 -21"><span class='ocrx_word' id='word_1_124' title='bbox 196 2177 380 2249; x_wconf 89' lang='lat' dir='ltr'><strong>mulatores‚</strong></span> <span class='ocrx_word' id='word_1_125' title='bbox 413 2175 465 2256; x_wconf 91' lang='lat' dir='ltr'><strong>qui</strong></span> <span class='ocrx_word' id='word_1_126' title='bbox 488 2172 630 2260; x_wconf 76' lang='grc' dir='ltr'><strong><em>κίβδηλοι</em></strong></span> <span class='ocrx_word' id='word_1_127' title='bbox 662 2175 821 2251; x_wconf 83' lang='lat' dir='ltr'><strong>vocantur,</strong></span> <span class='ocrx_word' id='word_1_128' title='bbox 854 2174 949 2238; x_wconf 87' lang='lat' dir='ltr'><strong>etiam</strong></span> <span class='ocrx_word' id='word_1_129' title='bbox 981 2192 1087 2238; x_wconf 86' lang='lat' dir='ltr'><strong>versus</strong></span> <span class='ocrx_word' id='word_1_130' title='bbox 1112 2175 1266 2242; x_wconf 78' lang='lat'>963—70</span> 
     </span>
     <span class='ocr_line' id='line_1_17' title="bbox 197 2279 1266 2364; baseline -0.002 -19"><span class='ocrx_word' id='word_1_131' title='bbox 197 2279 383 2364; x_wconf 79' lang='lat' dir='ltr'><strong>pervellunt,</strong></span> <span class='ocrx_word' id='word_1_132' title='bbox 417 2282 449 2343; x_wconf 87' lang='lat' dir='ltr'><strong>et</strong></span> <span class='ocrx_word' id='word_1_133' title='bbox 472 2279 578 2344; x_wconf 89' lang='lat' dir='ltr'><strong>adesse</strong></span> <span class='ocrx_word' id='word_1_134' title='bbox 603 2279 715 2343; x_wconf 85' lang='lat' dir='ltr'><strong>dixeris</strong></span> <span class='ocrx_word' id='word_1_135' title='bbox 738 2284 934 2361; x_wconf 85' lang='lat' dir='ltr'><strong>praesentem</strong></span> <span class='ocrx_word' id='word_1_136' title='bbox 958 2297 1050 2361; x_wconf 89' lang='lat' dir='ltr'><strong>quem</strong></span> <span class='ocrx_word' id='word_1_137' title='bbox 1072 2280 1104 2343; x_wconf 92' lang='lat' dir='ltr'><strong>in</strong></span> <span class='ocrx_word' id='word_1_138' title='bbox 1129 2282 1266 2344; x_wconf 80' lang='lat' dir='ltr'><strong>extrema</strong></span> 
     </span>
     <span class='ocr_line' id='line_1_18' title="bbox 197 2383 933 2468; baseline -0.007 -18"><span class='ocrx_word' id='word_1_139' title='bbox 197 2386 289 2450; x_wconf 86' lang='lat' dir='ltr'><strong>huius</strong></span> <span class='ocrx_word' id='word_1_140' title='bbox 314 2384 435 2465; x_wconf 84' lang='lat' dir='ltr'><strong>eclogas</strong></span> <span class='ocrx_word' id='word_1_141' title='bbox 458 2386 547 2467; x_wconf 81' lang='lat' dir='ltr'><strong>parte</strong></span> <span class='ocrx_word' id='word_1_142' title='bbox 568 2386 661 2468; x_wconf 78' lang='lat' dir='ltr'><strong>poeta</strong></span> <span class='ocrx_word' id='word_1_143' title='bbox 684 2385 730 2448; x_wconf 86' lang='lat' dir='ltr'><strong>ita</strong></span> <span class='ocrx_word' id='word_1_144' title='bbox 752 2383 933 2467; x_wconf 87' lang='lat' dir='ltr'><strong>increpitat:</strong></span> 
     </span>
     <span class='ocr_line' id='line_1_19' title="bbox 287 2486 1266 2576; baseline -0.005 -22"><span class='ocrx_word' id='word_1_145' title='bbox 287 2490 395 2576; x_wconf 80' lang='grc' dir='ltr'><strong><em>ἕφθῃν</em></strong></span> <span class='ocrx_word' id='word_1_146' title='bbox 433 2486 459 2552; x_wconf 67' lang='grc' dir='ltr'><em>ὅ</em></span> <span class='ocrx_word' id='word_1_147' title='bbox 498 2487 639 2576; x_wconf 64' lang='grc' dir='ltr'><strong><em>αἰνέσας,</em></strong></span> <span class='ocrx_word' id='word_1_148' title='bbox 678 2494 756 2573; x_wconf 92' lang='grc' dir='ltr'><strong><em>πρίν</em></strong></span> <span class='ocrx_word' id='word_1_149' title='bbox 794 2510 850 2552; x_wconf 83' lang='grc' dir='ltr'><strong>σου</strong></span> <span class='ocrx_word' id='word_1_150' title='bbox 889 2487 971 2551; x_wconf 81' lang='grc' dir='ltr'><strong><em>κατὰ</em></strong></span> <span class='ocrx_word' id='word_1_151' title='bbox 1009 2486 1119 2550; x_wconf 85' lang='grc' dir='ltr'><strong><em>πάντα</em></strong></span> <span class='ocrx_word' id='word_1_152' title='bbox 1153 2486 1266 2573; x_wconf 80' lang='grc' dir='ltr'><strong><em>δαῆναι</em></strong></span> 
     </span>
     <span class='ocr_line' id='line_1_20' title="bbox 331 2593 425 2683; baseline -0.011 -23"><span class='ocrx_word' id='word_1_153' title='bbox 331 2593 425 2683; x_wconf 71' lang='grc' dir='ltr'><strong><em>ἤθεα.</em></strong></span> 
     </span>
     <span class='ocr_line' id='line_1_21' title="bbox 197 2700 1266 2787; baseline -0.006 -18"><span class='ocrx_word' id='word_1_154' title='bbox 197 2704 466 2787; x_wconf 81' lang='lat' dir='ltr'><strong>Circumspexcrat</strong></span> <span class='ocrx_word' id='word_1_155' title='bbox 500 2703 597 2767; x_wconf 88' lang='lat' dir='ltr'><strong>etiam</strong></span> <span class='ocrx_word' id='word_1_156' title='bbox 621 2702 787 2784; x_wconf 84' lang='lat' dir='ltr'><strong>Theognis,</strong></span> <span class='ocrx_word' id='word_1_157' title='bbox 823 2720 860 2765; x_wconf 90' lang='lat' dir='ltr'><strong>ne</strong></span> <span class='ocrx_word' id='word_1_158' title='bbox 896 2701 965 2783; x_wconf 90' lang='lat' dir='ltr'><strong>quis</strong></span> <span class='ocrx_word' id='word_1_159' title='bbox 998 2700 1161 2766; x_wconf 86' lang='lat' dir='ltr'><strong>simulator</strong></span> <span class='ocrx_word' id='word_1_160' title='bbox 1183 2700 1266 2764; x_wconf 82' lang='lat' dir='ltr'><strong>inter</strong></span> 
     </span>
     <span class='ocr_line' id='line_1_22' title="bbox 197 2807 1266 2891; baseline -0.006 -15"><span class='ocrx_word' id='word_1_161' title='bbox 197 2810 317 2876; x_wconf 90' lang='lat' dir='ltr'><strong>sodales</strong></span> <span class='ocrx_word' id='word_1_162' title='bbox 334 2810 465 2886; x_wconf 87' lang='lat' dir='ltr'><strong>sederet,</strong></span> <span class='ocrx_word' id='word_1_163' title='bbox 482 2809 514 2874; x_wconf 90' lang='lat' dir='ltr'><strong>id</strong></span> <span class='ocrx_word' id='word_1_164' title='bbox 524 2809 611 2891; x_wconf 90' lang='lat' dir='ltr'><strong>&#39;quod</strong></span> <span class='ocrx_word' id='word_1_165' title='bbox 622 2827 731 2874; x_wconf 87' lang='lat' dir='ltr'><strong>versus</strong></span> <span class='ocrx_word' id='word_1_166' title='bbox 742 2809 775 2873; x_wconf 94' lang='lat' dir='ltr'><strong>hi</strong></span> <span class='ocrx_word' id='word_1_167' title='bbox 787 2807 991 2891; x_wconf 87' lang='lat' dir='ltr'><strong>patefaciunt,</strong></span> <span class='ocrx_word' id='word_1_168' title='bbox 1008 2807 1117 2890; x_wconf 90' lang='lat' dir='ltr'><strong>quibus</strong></span> <span class='ocrx_word' id='word_1_169' title='bbox 1130 2807 1266 2889; x_wconf 78' lang='lat' dir='ltr'><strong>Cyrnum</strong></span> 
     </span>
     <span class='ocr_line' id='line_1_23' title="bbox 196 2916 1044 2999; baseline -0.007 -17"><span class='ocrx_word' id='word_1_170' title='bbox 196 2916 379 2999; x_wconf 84' lang='lat' dir='ltr'><strong>alloquitur:</strong></span> <span class='ocrx_word' id='word_1_171' title='bbox 1043 2917 1044 2921; x_wconf 76' lang='grc'>’</span> 
     </span>
     <span class='ocr_line' id='line_1_24' title="bbox 197 3013 1263 3108; baseline -0.01 -17"><span class='ocrx_word' id='word_1_172' title='bbox 197 3024 335 3091; x_wconf 75' lang='lat'><strong>87-92:</strong></span> <span class='ocrx_word' id='word_1_173' title='bbox 352 3021 402 3108; x_wconf 79' lang='grc' dir='ltr'><strong>Μή</strong></span> <span class='ocrx_word' id='word_1_174' title='bbox 411 3017 445 3103; x_wconf 76' lang='grc' dir='ltr'><strong>μ’</strong></span> <span class='ocrx_word' id='word_1_175' title='bbox 454 3019 628 3102; x_wconf 83' lang='grc' dir='ltr'><strong><em>έπεσινμέν</em></strong></span> <span class='ocrx_word' id='word_1_176' title='bbox 642 3025 761 3104; x_wconf 86' lang='grc' dir='ltr'><strong><em>στέργε,</em></strong></span> <span class='ocrx_word' id='word_1_177' title='bbox 775 3018 846 3084; x_wconf 88' lang='grc' dir='ltr'><strong><em>νόον</em></strong></span> <span class='ocrx_word' id='word_1_178' title='bbox 858 3015 886 3083; x_wconf 83' lang='lat' dir='ltr'><strong>d&#39;</strong></span> <span class='ocrx_word' id='word_1_179' title='bbox 899 3017 952 3099; x_wconf 76' lang='grc' dir='ltr'><strong><em>ἔχε</em></strong></span> <span class='ocrx_word' id='word_1_180' title='bbox 963 3018 1017 3081; x_wconf 86' lang='grc' dir='ltr'><strong>καὶ</strong></span> <span class='ocrx_word' id='word_1_181' title='bbox 1026 3023 1144 3103; x_wconf 84' lang='grc' dir='ltr'><strong><em>φρένας</em></strong></span> <span class='ocrx_word' id='word_1_182' title='bbox 1152 3013 1263 3093; x_wconf 80' lang='grc' dir='ltr'><strong><em>ἄλλος,</em></strong></span> 
     </span>
     <span class='ocr_line' id='line_1_25' title="bbox 432 3121 1130 3211; baseline -0.011 -18"><span class='ocrx_word' id='word_1_183' title='bbox 432 3127 463 3193; x_wconf 80' lang='grc' dir='ltr'><strong><em>εἴ</em></strong></span> <span class='ocrx_word' id='word_1_184' title='bbox 475 3151 514 3209; x_wconf 88' lang='grc' dir='ltr'><strong><em>με</em></strong></span> <span class='ocrx_word' id='word_1_185' title='bbox 530 3127 635 3211; x_wconf 78' lang='grc' dir='ltr'><strong><em>φιλεῖς</em></strong></span> <span class='ocrx_word' id='word_1_186' title='bbox 650 3131 705 3190; x_wconf 89' lang='grc' dir='ltr'><strong>καί</strong></span> <span class='ocrx_word' id='word_1_187' title='bbox 728 3148 779 3190; x_wconf 92' lang='grc' dir='ltr'><strong>σοι</strong></span> <span class='ocrx_word' id='word_1_188' title='bbox 795 3124 911 3199; x_wconf 87' lang='grc' dir='ltr'><strong><em>πιστός</em></strong></span> <span class='ocrx_word' id='word_1_189' title='bbox 932 3122 1033 3187; x_wconf 82' lang='grc' dir='ltr'><strong><em>ένεστι</em></strong></span> <span class='ocrx_word' id='word_1_190' title='bbox 1049 3121 1130 3198; x_wconf 87' lang='grc' dir='ltr'><strong><em>νόος.</em></strong></span> 
     </span>
     <span class='ocr_line' id='line_1_26' title="bbox 396 3222 1265 3320; baseline -0.008 -22"><span class='ocrx_word' id='word_1_191' title='bbox 396 3233 417 3320; x_wconf 76' lang='grc' dir='ltr'><em>ἤ</em></span> <span class='ocrx_word' id='word_1_192' title='bbox 432 3258 471 3316; x_wconf 88' lang='grc' dir='ltr'><strong><em>με</em></strong></span> <span class='ocrx_word' id='word_1_193' title='bbox 487 3233 575 3318; x_wconf 86' lang='grc' dir='ltr'><strong><em>φίλει</em></strong></span> <span class='ocrx_word' id='word_1_194' title='bbox 591 3231 738 3314; x_wconf 87' lang='grc' dir='ltr'><strong><em>καθαρόν</em></strong></span> <span class='ocrx_word' id='word_1_195' title='bbox 754 3227 892 3311; x_wconf 87' lang='grc' dir='ltr'><strong><em>θέμενος</em></strong></span> <span class='ocrx_word' id='word_1_196' title='bbox 906 3227 987 3308; x_wconf 87' lang='grc' dir='ltr'><strong><em>νόον,</em></strong></span> <span class='ocrx_word' id='word_1_197' title='bbox 1007 3225 1030 3314; x_wconf 77' lang='grc' dir='ltr'><em>ὴ</em></span> <span class='ocrx_word' id='word_1_198' title='bbox 1045 3222 1078 3308; x_wconf 77' lang='grc' dir='ltr'><strong>μ’</strong></span> <span class='ocrx_word' id='word_1_199' title='bbox 1095 3223 1265 3292; x_wconf 85' lang='grc' dir='ltr'><strong><em>οἷποειπών</em></strong></span> 
     </span>
     <span class='ocr_line' id='line_1_27' title="bbox 433 3329 1101 3422; baseline -0.006 -22"><span class='ocrx_word' id='word_1_200' title='bbox 433 3332 571 3422; x_wconf 74' lang='grc' dir='ltr'><strong><em>έχθαιρ’,</em></strong></span> <span class='ocrx_word' id='word_1_201' title='bbox 596 3331 760 3420; x_wconf 74' lang='grc' dir='ltr'><strong><em>ἀμφαδίην</em></strong></span> <span class='ocrx_word' id='word_1_202' title='bbox 784 3345 884 3410; x_wconf 87' lang='grc' dir='ltr'><strong><em>νεῖκος</em></strong></span> <span class='ocrx_word' id='word_1_203' title='bbox 907 3329 1101 3419; x_wconf 76' lang='grc' dir='ltr'><strong><em>ἀειρόμενος.</em></strong></span> 
     </span>
     <span class='ocr_line' id='line_1_28' title="bbox 395 3429 1265 3529; baseline -0.006 -21"><span class='ocrx_word' id='word_1_204' title='bbox 395 3441 430 3520; x_wconf 83' lang='grc' dir='ltr'><strong>ὃς</strong></span> <span class='ocrx_word' id='word_1_205' title='bbox 453 3443 487 3508; x_wconf 80' lang='grc' dir='ltr'><strong>δὲ</strong></span> <span class='ocrx_word' id='word_1_206' title='bbox 509 3446 567 3529; x_wconf 81' lang='grc' dir='ltr'><strong>μιῇ</strong></span> <span class='ocrx_word' id='word_1_207' title='bbox 591 3441 718 3526; x_wconf 83' lang='grc' dir='ltr'><strong><em>γλώσσῃ</em></strong></span> <span class='ocrx_word' id='word_1_208' title='bbox 742 3436 805 3523; x_wconf 79' lang='grc' dir='ltr'><strong><em>δίχ’</em></strong></span> <span class='ocrx_word' id='word_1_209' title='bbox 829 3438 895 3522; x_wconf 84' lang='grc' dir='ltr'><strong><em>έχει</em></strong></span> <span class='ocrx_word' id='word_1_210' title='bbox 919 3440 999 3515; x_wconf 83' lang='grc' dir='ltr'><strong><em>νόον,</em></strong></span> <span class='ocrx_word' id='word_1_211' title='bbox 1024 3429 1117 3515; x_wconf 84' lang='grc' dir='ltr'><strong><em>οὗτος</em></strong></span> <span class='ocrx_word' id='word_1_212' title='bbox 1139 3436 1265 3524; x_wconf 80' lang='grc' dir='ltr'><strong><em>ἑταῖρος</em></strong></span> 
     </span>
     <span class='ocr_line' id='line_1_29' title="bbox 433 3542 1226 3634; baseline -0.005 -21"><span class='ocrx_word' id='word_1_213' title='bbox 433 3549 545 3626; x_wconf 85' lang='grc' dir='ltr'><strong><em>δειλός,</em></strong></span> <span class='ocrx_word' id='word_1_214' title='bbox 571 3543 678 3632; x_wconf 62' lang='grc' dir='ltr'><strong><em>Κόρν),</em></strong></span> <span class='ocrx_word' id='word_1_215' title='bbox 702 3547 822 3634; x_wconf 75' lang='grc' dir='ltr'><strong><em>ἐχθρός</em></strong></span> <span class='ocrx_word' id='word_1_216' title='bbox 844 3550 992 3633; x_wconf 74' lang='grc' dir='ltr'><strong><em>βέλτερος</em></strong></span> <span class='ocrx_word' id='word_1_217' title='bbox 1015 3543 1034 3634; x_wconf 82' lang='grc' dir='ltr'>ἢ</span> <span class='ocrx_word' id='word_1_218' title='bbox 1057 3547 1151 3632; x_wconf 89' lang='grc' dir='ltr'><strong><em>φίλος</em></strong></span> <span class='ocrx_word' id='word_1_219' title='bbox 1173 3542 1226 3610; x_wconf 84' lang='grc' dir='ltr'><strong>ὤν.</strong></span> 
     </span>
     <span class='ocr_line' id='line_1_30' title="bbox 197 3647 1263 3741; baseline -0.004 -22"><span class='ocrx_word' id='word_1_220' title='bbox 197 3661 215 3724; x_wconf 91' lang='grc'>1</span> <span class='ocrx_word' id='word_1_221' title='bbox 222 3659 365 3725; x_wconf 73' lang='grc' dir='ltr'><strong>17-18ς</strong></span> <span class='ocrx_word' id='word_1_222' title='bbox 392 3652 548 3741; x_wconf 73' lang='grc' dir='ltr'><strong><em>Κιβδήλοο</em></strong></span> <span class='ocrx_word' id='word_1_223' title='bbox 577 3649 605 3716; x_wconf 78' lang='grc' dir='ltr'><strong>δ’</strong></span> <span class='ocrx_word' id='word_1_224' title='bbox 630 3649 743 3738; x_wconf 77' lang='grc' dir='ltr'><strong><em>ἀνδρὸς</em></strong></span> <span class='ocrx_word' id='word_1_225' title='bbox 773 3662 890 3736; x_wconf 87' lang='grc' dir='ltr'><strong><em>γνιῦναι</em></strong></span> <span class='ocrx_word' id='word_1_226' title='bbox 919 3651 1140 3738; x_wconf 87' lang='grc' dir='ltr'><strong><em>χαλεπώτερον</em></strong></span> <span class='ocrx_word' id='word_1_227' title='bbox 1164 3647 1263 3726; x_wconf 79' lang='grc' dir='ltr'><strong><em>οὐδέν,</em></strong></span> 
     </span>
     <span class='ocr_line' id='line_1_31' title="bbox 433 3755 1154 3846; baseline -0.006 -22"><span class='ocrx_word' id='word_1_228' title='bbox 433 3755 538 3846; x_wconf 77' lang='grc' dir='ltr'><strong><em>Κόρν’,</em></strong></span> <span class='ocrx_word' id='word_1_229' title='bbox 563 3755 626 3824; x_wconf 73' lang='lat' dir='ltr'><strong>oc&#39;d&#39;</strong></span> <span class='ocrx_word' id='word_1_230' title='bbox 652 3756 800 3846; x_wconf 78' lang='grc' dir='ltr'><strong><em>εόλαβίῃς</em></strong></span> <span class='ocrx_word' id='word_1_231' title='bbox 822 3757 891 3825; x_wconf 77' lang='grc' dir='ltr'><strong><em>ἐστὶ</em></strong></span> <span class='ocrx_word' id='word_1_232' title='bbox 913 3760 989 3843; x_wconf 87' lang='grc' dir='ltr'><strong><em>περὶ</em></strong></span> <span class='ocrx_word' id='word_1_233' title='bbox 1011 3760 1154 3834; x_wconf 86' lang='grc' dir='ltr'><strong><em>πλέονος.</em></strong></span> 
     </span>
     <span class='ocr_line' id='line_1_32' title="bbox 197 3861 1218 3953; baseline -0.009 -18"><span class='ocrx_word' id='word_1_234' title='bbox 197 3870 367 3938; x_wconf 74' lang='lat' dir='ltr'><strong>llll—28:</strong></span> <span class='ocrx_word' id='word_1_235' title='bbox 393 3867 525 3953; x_wconf 79' lang='grc' dir='ltr'><strong><em>Χροσοῦ</em></strong></span> <span class='ocrx_word' id='word_1_236' title='bbox 548 3863 709 3952; x_wconf 73' lang='grc' dir='ltr'><strong><em>κιβδήλοιο</em></strong></span> <span class='ocrx_word' id='word_1_237' title='bbox 731 3866 786 3929; x_wconf 85' lang='grc' dir='ltr'><strong>καὶ</strong></span> <span class='ocrx_word' id='word_1_238' title='bbox 809 3861 949 3951; x_wconf 83' lang='grc' dir='ltr'><strong><em>οἷργόροο</em></strong></span> <span class='ocrx_word' id='word_1_239' title='bbox 973 3862 1125 3944; x_wconf 83' lang='grc' dir='ltr'><strong><em>ἄνσχετος</em></strong></span> <span class='ocrx_word' id='word_1_240' title='bbox 1147 3861 1218 3949; x_wconf 80' lang='grc' dir='ltr'><strong><em>ἄτῃ,</em></strong></span> 
     </span>
     <span class='ocr_line' id='line_1_33' title="bbox 432 3964 1143 4059; baseline -0.004 -23"><span class='ocrx_word' id='word_1_241' title='bbox 432 3970 540 4059; x_wconf 87' lang='grc' dir='ltr'><strong><em>Κόρνε,</em></strong></span> <span class='ocrx_word' id='word_1_242' title='bbox 564 3971 618 4035; x_wconf 83' lang='grc' dir='ltr'><strong>καὶ</strong></span> <span class='ocrx_word' id='word_1_243' title='bbox 641 3969 775 4056; x_wconf 81' lang='grc' dir='ltr'><strong><em>ἐξευρεῖν</em></strong></span> <span class='ocrx_word' id='word_1_244' title='bbox 797 3967 907 4056; x_wconf 81' lang='grc' dir='ltr'><strong><em>ῥᾴδιον</em></strong></span> <span class='ocrx_word' id='word_1_245' title='bbox 929 3964 1020 4053; x_wconf 79' lang='grc' dir='ltr'><strong><em>ἀνδρὶ</em></strong></span> <span class='ocrx_word' id='word_1_246' title='bbox 1042 3974 1143 4053; x_wconf 74' lang='grc' dir='ltr'><strong><em>σοφῷ.</em></strong></span> 
     </span>
     <span class='ocr_line' id='line_1_34' title="bbox 392 4069 1221 4161; baseline -0.008 -18"><span class='ocrx_word' id='word_1_247' title='bbox 392 4076 420 4143; x_wconf 86' lang='grc' dir='ltr'><strong><em>εἰ</em></strong></span> <span class='ocrx_word' id='word_1_248' title='bbox 444 4076 476 4142; x_wconf 84' lang='grc' dir='ltr'><strong>δὲ</strong></span> <span class='ocrx_word' id='word_1_249' title='bbox 499 4076 595 4161; x_wconf 89' lang='grc' dir='ltr'><strong><em>φίλου</em></strong></span> <span class='ocrx_word' id='word_1_250' title='bbox 620 4074 690 4152; x_wconf 91' lang='grc' dir='ltr'><strong><em>νόος</em></strong></span> <span class='ocrx_word' id='word_1_251' title='bbox 713 4069 826 4159; x_wconf 80' lang='grc' dir='ltr'><strong><em>ἀνδρός</em></strong></span> <span class='ocrx_word' id='word_1_252' title='bbox 848 4072 894 4139; x_wconf 67' lang='lat' dir='ltr'><strong>ivl</strong></span> <span class='ocrx_word' id='word_1_253' title='bbox 917 4072 1076 4161; x_wconf 75' lang='grc' dir='ltr'><strong><em>στήθεσσι</em></strong></span> <span class='ocrx_word' id='word_1_254' title='bbox 1099 4073 1221 4161; x_wconf 77' lang='grc' dir='ltr'><strong><em>λελὴθῃ</em></strong></span> 
     </span>
     <span class='ocr_line' id='line_1_35' title="bbox 432 4171 1211 4287; baseline -0.006 -38"><span class='ocrx_word' id='word_1_255' title='bbox 432 4183 557 4268; x_wconf 80' lang='grc' dir='ltr'><strong><em>ψνδρὸς</em></strong></span> <span class='ocrx_word' id='word_1_256' title='bbox 579 4182 647 4287; x_wconf 57' lang='lat' dir='ltr'><strong>ici),</strong></span> <span class='ocrx_word' id='word_1_257' title='bbox 672 4183 777 4248; x_wconf 85' lang='grc' dir='ltr'><strong><em>δόλιον</em></strong></span> <span class='ocrx_word' id='word_1_258' title='bbox 799 4179 828 4247; x_wconf 76' lang='grc' dir='ltr'><strong>δ’</strong></span> <span class='ocrx_word' id='word_1_259' title='bbox 853 4179 886 4247; x_wconf 89' lang='grc' dir='ltr'><strong>έν</strong></span> <span class='ocrx_word' id='word_1_260' title='bbox 909 4183 1021 4269; x_wconf 82' lang='grc' dir='ltr'><strong><em>φρεσὶν</em></strong></span> <span class='ocrx_word' id='word_1_261' title='bbox 1042 4171 1121 4268; x_wconf 70' lang='grc' dir='ltr'><strong><em>ἦτορ</em></strong></span> <span class='ocrx_word' id='word_1_262' title='bbox 1144 4180 1211 4266; x_wconf 83' lang='grc' dir='ltr'><strong><em>έχῃ,</em></strong></span> 
     </span>
    </p>
   </div>
   <div class='ocr_carea' id='block_1_7' title="bbox 0 0 1472 4882">
    <p class='ocr_par' dir='ltr' id='par_1_7' title="bbox 0 0 1472 4882">
     <span class='ocr_line' id='line_1_36' title="bbox 0 0 1472 4882; baseline 0 0"><span class='ocrx_word' id='word_1_263' title='bbox 0 0 1472 4882; x_wconf 95' lang='lat' dir='ltr'><strong> </strong></span> 
     </span>
    </p>
   </div>
  </div>
 </body>
</html>
