2934 4882
191 494 234 557 32
537 490 553 557 θ
572 488 597 543 7.
626 483 793 556 Symposiaci
812 503 914 542 versus.

193 671 366 738 825-30:
391 674 464 746 ΙΙεῦς
487 664 561 749 δμῖν
583 669 729 755 τίτλιγκεν
752 662 807 729 ὑπ’
834 660 1008 751 αι’λιγτῐγρος
1031 659 1152 728 οίείδειν
1260 675 1264 682 ’

429 773 555 855 abnuerim
578 774 644 837 κτλ.

193 883 366 952 939—42:
393 875 436 943 od
451 877 589 960 δυ’ναμαι
605 886 695 964 φωνῇ
710 875 770 963 λίγ’
784 875 926 958 δειδίμεν
941 875 1049 960 ὥσπερ
1062 873 1187 963 ἀηδών·
1201 876 1266 940 κτλ.

193 991 366 1058 943-44:
390 982 548 1070 Ἐγγύθεν
569 982 744 1072 αὖλητῆρος
763 981 915 1066 ἀείσομαι
935 974 994 1048 ὦδε
1014 983 1179 1060 καταστάς
1203 984 1266 1047 κτλ.

193 1097 391 1164 997-1002τ
413 1099 517 1180 Τῆμος
539 1089 568 1157 δ’
591 1090 697 1179 ἠέλιος
719 1093 776 1173 μὲν
798 1088 831 1156 ἐν
846 1089 959 1175 αίδίρι
974 1090 1125 1173 μώνυχας
1139 1089 1266 1167 ἵππους

453 1199 527 1288 ἄρτι
550 1201 768 1288 παραγγέλλοι
792 1205 949 1282 μέσσατον
974 1190 1058 1284 ἦμαρ
1082 1197 1175 1279 ἔχων,

396 1306 525 1372 δείπνου
549 1307 586 1395 δὴ
611 1306 771 1394 λήγοιμεν,
795 1308 861 1370 κτλ.

196 1417 377 1484 1047-48:
396 1417 464 1479 Νῦν
486 1413 544 1494 μὲν
567 1419 711 1492 πίνοντες
731 1413 938 1498 τερπώμεθα,
963 1413 1046 1477 καλὰ
1066 1414 1223 1495 λέγοντες,

432 1516 516 1583 δι’σσα
540 1516 567 1583 δ’
593 1516 695 1583 ἔπειτ’
719 1519 820 1594 ἔσται,
844 1521 946 1583 ταῦτα
970 1522 1079 1584 θεοῖσι
1102 1518 1203 1599 μέλει.

196 1631 380 1698 dont—58:
395 1623 491 1691 Ἀλλὰ
512 1626 606 1710 λόγον
628 1627 685 1709 μὲν
707 1633 821 1691 τοῦτον
843 1624 984 1707 εἰίσομεν,
1009 1622 1110 1711 αὐτὰρ
1136 1621 1208 1706 ἐμοὶ
1232 1620 1267 1686 σί

434 1730 532 1806 αὔλει,
557 1735 625 1797 κτλ.

289 1859 424 1923 Nonnisi
447 1859 479 1922 in
503 1861 643 1924 convivio
674 1861 731 1924 hos
755 1859 864 1924 deiude
886 1862 1009 1924 versus'
1023 1857 1173 1921 recitatos
1203 1873 1268 1920 esse

197 1966 338 2048 apparet,
362 1965 394 2027 in
418 1964 527 2047 quibus
550 1967 602 2048 qui
626 1966 764 2049 loquitur
779 1965 1048 2039 comissationis,
1073 1981 1152 2044 quae
1176 1961 1268 2025 finem

200 2069 301 2136 facere
325 2070 443 2135 solebat
466 2071 610 2149 convivii,
634 2074 788 2137 rationem
804 2072 905 2148 habet,
929 2071 1022 2152 idque
1045 2070 1091 2133 ita
1111 2070 1149 2132 ut
1165 2067 1269 2150 ipsum

197 2197 270 2242 eum
295 2177 528 2243 commissatum
552 2178 671 2242 iturum
695 2198 762 2243 esse
786 2178 966 2260 intellegas:

201 2304 383 2371 1045—46:
401 2300 468 2363 Ναὶ
479 2300 525 2382 μα
540 2295 600 2374 Δί’,
617 2298 708 2376 εἴτις
720 2299 817 2364 τιῦνδε
829 2301 881 2364 καὶ
894 2299 1164 2383 ἐγκεκαλυμμένος
1175 2294 1268 2368 εὕδει,

435 2404 585 2495 ἡμέτερον
608 2409 714 2489 κιῦμον
738 2407 862 2487 δέξεται
885 2401 1065 2493 ἁρπαλέως.

201 2517 380 2584 1207-08:
404 2510 482 2578 Οὔτε
513 2536 548 2577 σε
580 2513 739 2595 κιυμοίζειν
769 2510 969 2600 ἆπερύκομεν
992 2511 1065 2577 οὔτε
1089 2509 1270 2591 καλοῦμεν·

436 2613 601 2704 ἆρπαλέος
630 2619 769 2705 παρεών,
801 2622 855 2684 καὶ
874 2622 989 2706 φίλος,
1021 2610 1085 2683 εὖτ’
1109 2614 1150 2681 δν
1174 2612 1271 2699 ἅπῇς.

291 2743 399 2824 Neque
428 2761 488 2806 non
512 2745 640 2825 apparet
664 2745 715 2826 qui
739 2743 856 2809 luerint
881 2743 930 2808 illi
958 2744 1011 2827 qni
1033 2763 1062 2807 v.
1087 2745 1174 2809 1045
1200 2758 1273 2806 voce
1349 2814 1351 2819 .

200 2846 319 2911 *τιῦνδε
344 2849 562 2930 designantur„
601 2850 637 2912 ln
661 2850 812 2925 convivio,
842 2851 942 2930 oredo,
976 2850 1133 2914 affuerunt
1156 2848 1189 2911 et
1214 2847 1272 2911 illi.

202 2951 292 3017 Nihil
315 2952 413 3035 igitur
436 2955 500 3018 veri
525 2954 657 3018 similius
681 2974 773 3038 quam
796 2956 832 3019 ut
861 2955 905 3019 ibi
932 2954 1139 3036 respiciantur
1163 2955 1218 3035 qui
1242 2972 1275 3016 se

201 3059 338 3136 domum,
354 3061 390 3123 ut
406 3059 571 3146 dormiant,
595 3061 694 3126 ituros
717 3080 783 3126 esse
800 3061 1050 3126 antecedentibus
1066 3061 1115 3124 his
1131 3059 1275 3125 versibus

200 3168 455 3232 enuntiaverant:

292 3269 464 3353 Εὕδωμεν·
489 3272 615 3359 φυλακὴ
641 3272 675 3336 δὲ
698 3271 815 3349 πόλεος
837 3271 1012 3358 φυλάκεσσι
1033 3270 1166 3357 μελήσει

337 3373 518 3464 οίστυφέλιγς
540 3376 656 3464 ἐρατῆς
680 3378 836 3465 πατρίδος
858 3375 1017 3466 ἡμετέρης.

294 3502 376 3579 Quos
400 3505 433 3566 et
455 3502 729 3584 ipsosffconvivales
753 3502 824 3567 iude
847 3503 1036 3586 agnoverim.
1077 3502 1166 3582 Quod
1190 3522 1277 3579 vero,

201 3607 294 3689 quasi
309 3607 391 3670 inter
407 3625 440 3670 se
456 3607 596 3672 homines
611 3607 785 3691 loquantur,
802 3610 860 3674 hae
876 3609 1000 3692 eclogae
1017 3627 1084 3674 sese
1103 3609 1278 3693 excipiunt,

204 3815 356 3883 periculum
375 3817 539 3872 declaratur.
571 3817 665 3886 Neque
683 3820 769 3874 solum
789 3819 936 3876 intestinas
955 3836 998 3875 res
1017 3819 1163 3874 sedetiam
1177 3819 1280 3875 bellica

203 3904 357 3960 certamina
389 3921 525 3961 sermones
557 3906 758 3962 combibonibus
789 3909 895 3965 dedisse
926 3909 1087 3965 eredendum
1119 3914 1176 3971 est,
1217 3925 1280 3964 cum

205 3999 350 4061 praeterea
373 4000 500 4050 externas
518 4009 562 4049 res
581 3994 773 4064 perstringant
791 4013 835 4051 vv.
855 3997 987 4064 sos-54,
1013 3998 1047 4051 ad
1066 3998 1188 4065 Cyrnum
1208 3999 1281 4063 dati,

202 4081 290 4150 quiin
301 4083 480 4150 apparatione
489 4082 554 4138 belli
565 4082 680 4139 alicuius
690 4086 768 4139 modo
779 4085 870 4140 oborti
879 4093 1033 4150 versantur,
1047 4090 1076 4140 et
1085 4101 1130 4140 vv.
1140 4086 1194 4141 891
1202 4089 1282 4155 -94,

203 4186 273 4237 quos
291 4169 320 4224 in
338 4171 476 4227 sodaliciis
494 4171 698 4228 observavimus
717 4189 742 4243 p.
762 4175 796 4228 15
815 4180 844 4229 et
863 4175 905 4234 18.
