2934 4882
269 491 312 552 44
597 488 674 554 511.
704 486 890 556 Aenigmetioi
910 503 1011 543 versus.

359 665 515 748 Aenigma
539 664 648 729 deinde
672 664 753 741 haud
778 663 870 729 dubie
892 664 980 739 latet,
1012 665 1109 729 etiam
1132 665 1160 730 si
1188 664 1342 732 feminam

269 771 449 854 loquentem
472 789 631 855 agnoscas.
656 771 687 834 in
711 770 850 834 versibus
874 771 1028 837 aot-eo
1045 789 1073 852 q.
1087 790 1111 834 s.

352 872 477 952 Ἵππος
501 872 563 959 ἐγώ
586 875 666 960 καλὴ
691 874 745 937 καὶ
769 869 894 959 ἆεθλίη,
920 869 1003 938 ἄλλα
1026 873 1176 940 κάκιστον

403 979 504 1066 ἄνδρα
527 985 626 1065 φέρω,
650 984 704 1043 καί
727 1002 781 1061 μοι
805 974 890 1043 τοῦτ)
914 974 1140 1065 α’νιηρότατον·

361 1087 500 1152 πολλάκι
523 1083 552 1151 δ’
575 1082 737 1173 ἠμέλληοα
761 1084 959 1170 διαρρήξασα
983 1084 1110 1166 χαλινόν

404 1193 528 1279 φεύγεν,
552 1189 751 1278 ἀπωσαμένη
773 1193 829 1257 τὸν
851 1192 949 1257 κακὸν
971 1186 1104 1280 ἡνίοχον.

359 1302 450 1366 Nihil
483 1301 720 1381 affirmaverim,
753 1299 806 1364 sed
831 1300 971 1365 dubitem
994 1319 1033 1365 an
1056 1302 1132 1366 haee
1154 1319 1275 1384 quoque
1302 1300 1345 1366 ad

268 1427 335 1473 rem
358 1407 516 1492 publicam
539 1407 718 1489 pertineant
740 1406 791 1471 eui
815 1410 966 1488 tyrannus
990 1407 1099 1490 iugum
1114 1408 1309 1490 imposuerit.
1317 1407 1345 1492 ¹)

359 1515 421 1578 Pro
445 1513 622 1596 aenigmate
645 1515 678 1577 et
700 1532 807 1577 versus
831 1515 985 1581 ooo—62
1008 1513 1123 1578 habeas
1147 1534 1175 1596 q.
1189 1511 1229 1580 s.'

353 1616 449 1682 Ἔστε
471 1618 528 1699 μὲν
552 1613 649 1694 αὐτὸς
671 1615 781 1680 ἔπινον
804 1611 873 1681 ἆπό
897 1615 1009 1704 κρήνης
1031 1615 1239 1699 μελανίδροο,

403 1723 461 1812 ἡδὺ
487 1731 566 1802 τέως
588 1721 692 1789 ε’ὃόκει
715 1725 769 1787 καὶ
792 1723 889 1788 καλὸν
911 1717 997 1806 εἶμεν
1020 1720 1118 1809 ὕδωρ·

358 1835 412 1897 νῦν
435 1829 463 1896 δ’
489 1829 551 1919 ἤδη
574 1829 768 1905 τεθόλωται,
793 1827 875 1916 ’ὕδωρ
899 1826 928 1894 ri'
945 1826 1158 1914 ἀναμίσγεται
1175 1827 1249 1903 tter,

404 1935 501 2027 ἄλλης
524 1937 563 2024 δὴ
586 1935 696 2024 κρήνης
719 1941 838 2018 πίομαι
862 1933 880 2024 ἢ
904 1940 1063 2020 ποταμοῦ.

271 2048 331 2112 Ubi
346 2045 440 2132 κρήνη
456 2046 492 2110 de
508 2045 622 2129 puella,
641 2043 788 2125 ποταμός
804 2045 841 2110 de
852 2065 948 2129 puero
960 2045 1079 2111 dietum
1092 2065 1158 2111 esse
1170 2046 1344 2111 maximam

271 2152 525 2236 probabilitatem
548 2153 652 2219 habet.

362 2262 458 2326 Porro
482 2259 659 2342 aenigmate
683 2258 732 2322 vel
755 2259 893 2341 imagine
917 2260 949 2322 in
972 2260 1072 2341 priore
1088 2261 1177 2343 parte
1192 2279 1345 2326 versuum

272 2367 492 2435 1097-1100
515 2369 607 2450 poeta
630 2366 730 2430 utitur
753 2366 798 2430 ita
821 2367 962 2449 loquens:

352 2470 432 2558 Ἤδη
456 2474 510 2536 καὶ
534 2475 723 2558 πτερύγεσσι
746 2469 923 2557 ἐπαίρομαι
946 2467 1026 2535 ὥστε
1048 2468 1191 2535 πετεινὸν

403 2577 438 2643 ἐκ
461 2579 573 2665 λίμνης
594 2578 743 2666 μεγάλης,
768 2576 867 2664 ἄνδρα
890 2577 987 2643 κακὸν
1009 2574 1193 2664 προφογών,

359 2684 494 2771 βρόκχον
517 2680 712 2770 ἀπορρλξας.
756 2673 760 2676 ’

361 2793 466 2857 Etiam
486 2792 645 2876 Theognis
667 2793 758 2859 initio
782 2812 928 2858 versuum
948 2795 1102 2861 oab-50
1126 2791 1229 2856 simile
1252 2791 1344 2874 ponit

272 2918 328 2982 pro
352 2899 472 2964 usitato
496 2899 590 2963 verbo
614 2919 683 2964 eum
707 2899 783 2963 dicit
805 2901 911 2983 ignem
934 2899 1128 2982 significans:

354 2999 506 3086 ’Ἄγγελος
529 2999 701 3086 ἄφθογγος
724 3002 864 3085 πόλεμον
887 3003 1087 3090 πολύδακρυν
1109 3001 1230 3090 ἐγείρει,

408 3102 510 3193 Κύρν’,
536 3101 603 3172 ἀπὸ
628 3109 801 3195 τηλαυγέος
824 3108 1016 3194 φαινόμενος
1039 3116 1183 3197 σκοπιῆς.

272 3213 379 3299 Neque
395 3219 499 3282 tamen
516 3216 560 3280 ibi
576 3215 667 3294 ludit,
690 3220 726 3281 ut
740 3218 858 3300 posteri
874 3236 947 3282 sane
963 3217 1089 3282 ludendi
1105 3237 1197 3283 eausa
1212 3217 1344 3300 griphos

270 3310 478 3406 protulerunt,
495 3324 549 3389 sed
561 3325 714 3389 rationem
726 3325 880 3409 quandam
892 3345 969 3409 quae
982 3328 1104 3411 propria
1117 3327 1212 3391 fuerit
1224 3328 1343 3393 veteris

362 3484 386 3550 ¹)
406 3444 483 3537 Ureu
506 3497 566 3536 oum
590 3482 736 3551 dirigenda
760 3500 831 3539 neve
854 3491 1030 3553 eomparatur
1048 3487 1105 3554 (vv.
1124 3485 1272 3554 ter-to),
1299 3502 1344 3542 res
1449 3543 1453 3550 ,

272 3571 380 3638 publiea
398 3571 464 3626 item
485 3571 541 3637 (vv.
555 3571 701 3640 aot-oe),
721 3587 807 3639 neque
825 3574 941 3628 multum
961 3574 1098 3643 dirigendi
1118 3573 1180 3641 equi
1199 3573 1289 3630 simile
1308 3577 1344 3631 sb

271 3659 318 3712 illo
344 3658 440 3726 distat,
466 3661 537 3726 quod
563 3661 708 3729 utrobique
733 3661 820 3730 ipsum
847 3679 952 3730 quoque
977 3663 1105 3730 usurpari
1130 3661 1252 3730 potuisse
1278 3679 1345 3718 oon·

272 3747 413 3804 tenderim.
446 3749 574 3803 Ceterum
593 3766 647 3804 non
666 3749 744 3804 video
755 3751 828 3818 >quid
847 3751 939 3806 obstet
957 3750 1099 3819 quominus
1118 3750 1152 3806 iis
1170 3751 1346 3819 temporibus

271 3838 339 3892 haee
366 3836 442 3891 edita
469 3854 527 3893 esse
554 3845 681 3907 putemus
709 3840 806 3907 quibus
834 3842 995 3909 Theogenes
1022 3841 1105 3897 etism
1133 3842 1163 3896 in
1189 3842 1346 3897 Isthmiaca

272 3926 447 3995 Megerorum
470 3928 538 3983 urbe
557 3959 591 3968 —
616 3945 675 3984 eam
703 3929 775 3984 enim
804 3936 957 3998 spectemus
984 3947 1091 3986 neeesse
1119 3930 1181 3998 erit,
1208 3937 1241 3984 ut
1266 3931 1348 3987 infre

272 4015 299 4081 (ξ
319 4012 364 4082 17)
392 4013 542 4070 videbimus
568 4048 601 4055 -
626 4033 742 4086 regnum
770 4017 927 4072 obtinuerit.
971 4018 1056 4085 Quem
1084 4016 1230 4072 Beloehins
1255 4018 1347 4085 (Mus.

272 4106 365 4160 Rhea
378 4107 430 4162 vol.
444 4107 479 4162 to
497 4123 522 4175 p.
537 4108 588 4162 252
608 4109 669 4164 adn.
687 4111 713 4178 1)
739 4107 845 4162 Solonis
867 4107 1046 4175 posteriorem
1070 4106 1154 4162 fuisse
1173 4103 1348 4175 suspicatur,

271 4195 298 4250 in
318 4210 398 4262 quam
417 4194 580 4250 sententiam
599 4194 721 4249 nonnihil
740 4194 863 4249 inelinor.
923 4227 925 4232 -
