2934 4882
454 484 470 554 ᾖ
490 485 515 539 d.
543 485 685 540 Stasiotioi
704 492 733 540 et
751 485 875 541 sodalicii
894 502 996 541 versus.

282 663 337 726 καὶ
360 662 423 747 γὰρ
448 657 527 748 ἀνήρ
550 666 644 747 πενίῃ
668 661 861 750 δεδμημένος
883 661 959 729 οίίτε
982 690 1015 728 τι
1037 663 1141 731 εἰπεῖν

327 763 403 832 odt’
424 765 512 853 ἕρξαι
535 767 679 845 δύναται,
703 770 830 853 γλῶσσα
855 769 890 835 δέ
913 770 943 834 οἱ
967 770 1102 839 δέδεται.

195 877 313 956 Quibus
345 876 423 942 adde
455 876 515 942 duo
546 877 679 943 disticha
702 879 875 962 sequentia,
908 879 1019 962 quibus
1043 880 1120 945 item
1144 879 1265 964 Cyrnus

196 983 380 1068 appellatur.
440 983 498 1048 Sed
533 984 691 1050 videamus
726 986 888 1067 graviora!
948 985 1069 1051 Nobilis
1104 988 1137 1050 et
1170 986 1265 1050 simul

196 1109 313 1174 pauper
335 1088 390 1154 illc
414 1088 474 1154 fuit
497 1091 549 1174 qui
571 1111 621 1158 11.
635 1093 789 1160 eet-82
813 1091 920 1168 edidit,
947 1091 1056 1175 quibus
1074 1092 1263 1158 Simonidem

197 1196 378 1279 alloquitur.
402 1197 600 1279 Aspiciamus
613 1200 644 1262 et
657 1200 878 1279 voees-86,
892 1188 945 1280 qui
953 1199 1097 1282 deinceps
1106 1199 1263 1282 leguntur.

285 1301 403 1366 Πολλοὶ
425 1303 568 1366 πλοῦτον
590 1301 716 1382 έχοοοιν
739 1298 877 1387 ἀίδριες·
901 1304 932 1368 οί
956 1302 989 1367 δὲ
1012 1303 1053 1367 τὰ
1077 1303 1159 1368 καλά

329 1408 474 1494 ζητοῦσιν
496 1409 623 1493 χαλεπῇ
643 1407 816 1494 τειρόμενοι
839 1413 944 1494 πενίη.

285 1513 385 1600 ἕρδειν
408 1509 436 1577 δ’
461 1509 689 1600 ἀμφοτέροισιν
712 1510 870 1600 ἀμηχανίη
893 1512 1107 1600 παράκειται·

329 1615 427 1701 ε’ίργει
449 1616 511 1701 γὰρ
534 1618 609 1694 τούς
631 1618 688 1699 μὲν
711 1617 875 1705 χρηματα,’
891 1620 965 1697 τούς
988 1618 1021 1684 δὲ
1044 1620 1124 1697 νόος.

197 1726 257 1804 Qui
289 1725 353 1789 11111
386 1743 422 1788 ex
445 1725 652 1808 responsionis
674 1726 796 1790 ratione
820 1724 950 1790 subiecti
973 1725 1127 1805 videntur,
1159 1729 1266 1810 utpote

197 1833 249 1914 qui
284 1832 321 1897 ad
356 1832 485 1896 eandem
520 1832 710 1896 sententiam
744 1830 868 1897 faciant.
915 1831 1012 1898 Illum
1040 1833 1125 1898 enim
1148 1853 1266 1899 morem

197 1939 387 2004 convivalem
418 1937 501 2002 infra
531 1957 735 2021 agnoscemus
759 1937 878 2024 (§15),
911 1941 946 2004 ut
977 1958 1055 2023 quae
1088 1941 1211 2005 cantica
1234 1941 1266 2004 in

198 2048 382 2128 argumento
407 2046 592 2110 conveniant
615 2064 648 2109 se
672 2046 859 2128 exceperint.
899 2046 1015 2124 Quodsi
1039 2048 1198 2130 quaeritur
1214 2048 1267 2130 qui

196 2150 245 2216 illi
275 2152 339 2216 sint
366 2153 418 2234 qui
441 2152 571 2217 meliora
593 2152 638 2217 ibi
661 2153 805 2216 dicuntur
827 2154 948 2225 sectari,
980 2154 1099 2220 nobiles
1122 2154 1194 2220 illos
1217 2156 1267 2218 in-

198 2256 390 2339 tellegendos
422 2277 489 2322 esse
518 2258 702 2334 existimem,
734 2259 766 2321 et
792 2257 955 2340 populares
988 2277 1040 2323 eos
1072 2261 1123 2341 qui
1147 2255 1267 2344 ἀίδριες

198 2366 357 2440 vocantur,
382 2364 556 2446 siquidem
580 2362 716 2428 nobilem
740 2382 811 2428 eum
835 2364 1030 2446 agnoscimus
1054 2367 1106 2447 qui
1129 2366 1162 2430 in
1178 2368 1267 2430 ante·

198 2471 320 2535 cedenti
356 2471 461 2553 ecloge
497 2470 637 2552 queritur
672 2468 762 2552 quod,
797 2489 868 2534 curn
904 2469 1081 2535 intellectus
1116 2471 1176 2535 sibi
1207 2490 1266 2536 non

199 2577 291 2654 desit,
322 2580 448 2660 propter
478 2578 697 2660 paupertatem
728 2575 807 2640 nihil
841 2575 953 2641 valeat.
1001 2577 1104 2641 Etiam
1129 2577 1268 2642 versibus

199 2685 353 2752 619-12
377 2703 406 2767 q.
420 2703 444 2752 1.

289 2780 326 2853 ἷΑ
349 2788 436 2875 δειλή
461 2793 564 2875 πενίη,
588 2792 621 2852 τί
644 2787 731 2870 ἐμοῖς
753 2784 936 2874 ἐπικειμένη
959 2786 1058 2870 ὤμοις

333 2902 425 2975 σῶμα
448 2893 655 2976 καταισχύνες
678 2895 732 2959 καὶ
755 2893 826 2960 νόον
849 2891 1005 2981 ἡμέτερον,

289 2998 406 3087 αίσχρδ
431 3000 466 3066 δέ
487 2997 521 3083 μ’
537 2997 595 3066 οὐκ
617 2999 776 3067 ἐθέλοντα
799 3006 854 3087 βίη
876 3001 960 3065 κακοὶ
975 3001 1083 3067 πολλὰ
1100 3001 1270 3091 διδάσκεις,

333 3107 439 3172 totto
462 3104 531 3190 μετ’
554 3103 815 3194 ἀνθρώπωνκαὶ
839 3102 910 3170 κάλ’
934 3103 1164 3188 interimerem

201 3233 318 3298 pauper
333 3215 481 3297 loquitur,
498 3234 589 3298 quem
605 3213 735 3280 eundem
750 3213 886 3279 nobilem
903 3212 999 3278 fuisse
1011 3212 1082 3278 inde
1094 3214 1268 3294 concludas,

201 3321 282 3404 quod
319 3339 351 3384 11
390 3320 540 3385 bonarum
574 3339 677 3384 rerum
712 3321 949 3404 haudquaquam
984 3321 1165 3385 inscientem
1201 3340 1269 3385 esse

201 3427 364 3510 gloriatur.
413 3426 543 3491 Nobiles
566 3428 648 3491 enim
671 3428 794 3511 proprie
819 3429 966 3492 virtutem
991 3427 1124 3493 coluisse
1147 3428 1270 3510 saepius
1339 3440 1341 3443 ’

201 3533 420 3616 comperimus,
446 3533 532 3598 velut
554 3552 604 3598 vu.
619 3536 784 3611 tre-18,
809 3552 883 3617 quos
907 3554 988 3599 nunc
1010 3534 1133 3599 obeam
1151 3553 1269 3618 quoque

202 3661 269 3707 rem
297 3641 476 3723 aspicimus,
510 3641 581 3723 quia
599 3640 724 3705 ‘nobiles
746 3641 929 3724 paupertate
952 3641 1052 3724 premi
1075 3644 1182 3724 aperte
1205 3641 1270 3706 iam

201 3748 245 3812 ibi
270 3748 458 3813 enuntiatur.

292 3853 412 3918 Πολλοί
434 3877 486 3917 τοι
508 3853 685 3917 πλουτοῦσι
708 3853 810 3926 κακοὶ,
835 3848 960 3935 ἀγαθοὶ
983 3849 1017 3914 δὲ
1039 3856 1208 3916 πένονται·

335 3954 405 4022 dtl’
431 3952 521 4046 ἡμεῖς
544 3957 669 4035 τούτοις
693 3954 729 4022 οὐ
754 3955 1004 4041 διαμειψόμεθα

292 4071 347 4152 της
371 4060 488 4151 α’ρετης
510 4065 566 4130 τὸν
589 4065 739 4144 πλοῦτον,
763 4062 835 4127 ἐπεὶ
858 4063 895 4128 cd
918 4063 976 4145 μὲν
998 4061 1136 4145 ἔμπεδον
1159 4060 1232 4138 αἰεί,

335 4170 483 4258 χρήματα
506 4167 534 4235 δ’
558 4166 745 4257 ἅνθρώπιον
767 4168 884 4235 ἄλλοτε
907 4167 1004 4246 ἄλλος
1026 4165 1101 4249 ἔχει.
