2934 4882
543 457 558 523 ἕ
578 455 601 510 7.
631 414 799 524 Symposiaoi
816 472 918 512 versus.
1221 463 1262 526 35

196 631 254 706 est,
279 649 350 694 cum
373 632 407 696 et
428 631 607 724 generalem
630 633 773 717 epulandi
797 640 829 699 et
852 635 1150 702 bibendinotionem
1173 636 1206 701 in
1227 655 1263 703 ec

194 736 288 800 verbo
312 735 440 803 infuisse
458 738 644 804 credendum
667 741 716 817 sit,
743 741 770 805 si
789 741 914 824 quidem
929 741 1035 822 κῶμος
1050 742 1146 807 etiam
1161 742 1264 826 ipsum

158 937 160 939 ι
196 842 370 906 convivium
386 842 530 927 designat
552 845 606 929 (cf.
622 865 652 930 p.
671 847 782 930 7-8).
817 846 965 930 Denique
977 867 1082 931 ‘supra
1097 848 1131 933 (ξ
1149 849 1184 932 1)
1200 849 1263 913 iam

195 948 337 1031 inspecta
353 950 552 1034 Theognidea
568 952 650 1018 dicta
672 973 750 1037 quae
774 974 820 1021 vv.
838 956 993 1024 239-43
1010 955 1134 1021 exstant
1157 973 1263 1020 rursus

196 1073 276 1118 nunc
300 1055 516 1138 observamus,
550 1060 623 1142 quia
650 1061 798 1126 iuvenum
822 1061 873 1144 qui
897 1062 1033 1145 Cyrnum
1057 1061 1178 1125 canturi
1201 1061 1265 1126 sint

195 1159 239 1223 ibi
271 1163 388 1228 mentio
419 1163 464 1230 fit.
512 1165 656 1230 Fortasse
688 1167 720 1229 in
745 1184 780 1230 eo
804 1165 917 1248 aliquis
939 1166 997 1231 hoc
1021 1164 1088 1232 loco
1112 1167 1262 1245 haerebit,

196 1267 275 1350 quod
309 1273 401 1352 podta
435 1289 505 1334 cum
537 1267 607 1352 istis
641 1273 830 1337 carminibus
864 1273 1000 1356 Cyrnum
1031 1273 1184 1338 allocutus
1215 1275 1264 1339 cst

196 1374 299 1440 aetate
321 1378 495 1458 provectior
519 1376 614 1443 fuisse
637 1378 762 1443 videtur
783 1378 877 1463 (resp.
902 1399 931 1443 v.
956 1380 998 1446 27
1022 1378 1093 1461 sq.),
1127 1377 1180 1442 sed
1204 1397 1263 1442 non

196 1482 246 1544 est
269 1483 349 1564 quod
373 1483 572 1552 offendamus.
605 1484 692 1548 Dicit
715 1484 798 1548 enim
815 1485 911 1548 etiam
929 1485 1000 1566 post
1021 1486 1153 1549 mortem
1170 1484 1264 1567 Cyrni

196 1584 398 1686 nihilominus
428 1609 540 1654 nomen
571 1590 637 1655 eius
668 1589 811 1655 auditum
841 1590 880 1654 iri
903 1591 937 1653 in
960 1589 1120 1655 conviviis.
1166 1590 1202 1652 In
1226 1609 1261 1654 eo
1324 1647 1326 1651 ,

195 1691 296 1773 igitur
329 1695 394 1788 iam
424 1697 539 1760 veritas
571 1697 716 1773 violatur,
748 1695 829 1780 quod
861 1715 931 1761 cum
961 1694 1081 1779 Cyrnus
1112 1715 1173 1760 non
1200 1696 1280 1759 iam¹

195 1796 284 1862 adest
307 1801 404 1865 etiam
427 1803 500 1868 tunc
523 1803 617 1868 verba
640 1803 678 1868 ad
703 1821 774 1866 eum
796 1803 864 1867 fieri
886 1804 1034 1885 pergunt,
1066 1821 1165 1886 neque
1189 1820 1264 1884 opus

197 1907 254 1982 cst,
279 1909 324 1984 ut,
349 1908 376 1972 si
399 1909 451 1991 qui
474 1908 556 1974 forte
571 1911 705 1976 maiores
728 1912 805 1974 natu
828 1909 968 1974 convivio
991 1907 1202 1983 interfuerint,
1225 1908 1264 1973 ab

195 2013 234 2076 iis
267 2013 341 2078 solis
373 2034 409 2080 ea
442 2017 554 2100 quibus
579 2017 699 2101 Cyrnus
733 2016 913 2101 appellatur
937 2020 1062 2082 cantata
1085 2036 1152 2080 esse
1176 2015 1264 2081 nobis

197 2125 381 2192 statuamus.
429 2126 614 2192 Placuerent
644 2146 681 2191 ea
711 2126 820 2208 quibus
845 2126 939 2209 Cyrni
970 2142 1082 2190 nomen
1112 2124 1264 2187 insertum

200 2233 267 2294 erat
290 2233 321 2295 et
342 2233 374 2293 in
389 2250 447 2295 usu
462 2251 530 2296 csse
545 2235 720 2315 coeperant.
749 2234 866 2315 ltaque,
891 2232 1034 2313 quoniam
1051 2248 1087 2292 ox
1102 2228 1264 2294 iuvenibus

197 2336 361 2419 praecipue
386 2335 549 2418 collegium
572 2337 735 2402 constabat
758 2335 927 2412 convivale,
959 2353 1020 2398 non
1041 2334 1103 2398 nisi
1126 2335 1162 2398 ob
1186 2335 1264 2398 hanc

197 2459 261 2504 rem
295 2441 327 2505 in
359 2443 537 2508 universum
569 2443 606 2507 de
636 2444 784 2507 iuvenum
814 2445 907 2506 cantu
936 2438 1083 2504 hocloco
1107 2438 1265 2519 Theognis

151 2539 152 2542 ’
197 2548 358 2630 cogitavit.
413 2550 542 2614 Iuvenes
565 2548 761 2614 combibones
792 2547 888 2612 fuisse
919 2547 1016 2611 etiam
1038 2545 1133 2610 Hom.
1156 2542 1265 2626 hymni

197 2655 229 2716 in
263 2653 359 2722 Merc.
389 2675 418 2719 v.
448 2657 577 2724 fob—bb
613 2657 646 2720 et
673 2654 816 2738 Apollon.
852 2654 910 2717 Rh.
947 2652 1024 2734 Arg.
1060 2651 1076 2715 l
1110 2652 1264 2719 458-59
1298 2695 1304 2705 ·

198 2761 383 2851 enuntiatur.
417 2761 557 2843 Denique
579 2752 669 2847 6ἡβοῖν
692 2759 851 2840 μετὰτῶν
873 2756 984 2843 φίλων’
1002 2758 1072 2841 post
1087 2756 1264 2832 sanitatem,

198 2867 333 2949 corporis
367 2867 644 2950 pulchritudinem,
680 2867 807 2932 divitias
842 2868 987 2949 qnantum
1022 2865 1135 2930 bonum
1171 2861 1265 2928 scolio

200 2974 305 3039 Attico
329 2977 348 3042 7
373 2973 408 3058 (8
432 2993 480 3057 ap.
506 2974 598 3058 ng.)
622 2974 825 3057 praedicatur.

287 3081 373 3159 Quae
407 3080 482 3145 dum
516 3082 714 3164 reputamus,
756 3097 818 3143 non
852 3077 967 3142 nullius
1001 3076 1153 3140 momenti
1187 3074 1264 3139 illud

199 3206 316 3270 quoque
355 3186 442 3251 nobis
480 3187 614 3266 videtur,
655 3206 713 3269 qno
753 3183 920 3249 convivalis
958 3184 1081 3246 nostrae
1120 3200 1144 3244 s.
1184 3181 1264 3245 ratio

199 3293 363 3370 indicetur,
384 3294 462 3376 quod
478 3292 615 3359 iuvenile
631 3291 796 3356 admodum
811 3287 974 3370 ingenium
989 3287 1142 3368 spirantes
1159 3304 1264 3350 versus

200 3399 282 3464 haud
294 3400 385 3483 pauci
396 3401 429 3464 in
442 3420 478 3465 ea
490 3400 663 3464 occurrunt.
682 3399 818 3476 Quorum
831 3412 985 3459 enumero
993 3393 1057 3457 iarn
1070 3411 1118 3459 vv.
1128 3392 1264 3458 983-88

200 3507 232 3569 et
257 3507 432 3574 1063-68
455 3505 654 3589 respeximus,
678 3504 778 3585 iisque
802 3504 858 3567 hos
881 3520 962 3564 nunc
984 3499 1141 3564 addimus:

200 3613 367 3680 567—70:
386 3605 475 3693 Ἥβῃ
495 3605 688 3690 τερπόμενος
711 3603 828 3684 παίζω,
853 3603 919 3672 κτλ.

200 3717 363 3791 ure-28,
391 3717 442 3798 qni
467 3714 590 3780 Solonis
614 3715 702 3792 sunt;
735 3713 767 3775 in
799 3712 909 3794 quibus
932 3712 1077 3775 iuventus
1107 3727 1265 3772 summum

435 3822 552 3886 bonum
574 3820 779 3903 praedicatur,
812 3817 862 3881 cui
886 3815 1013 3880 divitiae
1035 3813 1264 3897 postponendae

435 3928 508 3991 sint.

200 4037 368 4103 btv-78:
386 4029 477 4114 “rapa
492 4055 558 4114 μοι,
575 4030 650 4116 φίλε
665 4033 761 4110 θυμέ.
786 4020 859 4106 τάχ’
875 4023 914 4089 ἄν
933 4047 1013 4100 τινες
1028 4018 1122 4086 ἄλλοι
1137 4019 1264 4087 ἔσονται

437 4136 557 4226 ἄνδρες,
581 4134 643 4220 e'yni
667 4135 700 4200 δὲ
725 4133 835 4199 θανών
857 4143 935 4216 γαῖα
957 4123 1080 4212 μέλαιν’
1103 4127 1232 4209 ἔσομαι.-

1068 4235 1103 4288 32
