2934 4882
456 574 471 639 fi
490 568 507 624 4
544 569 684 624 Stasictici
703 574 732 625 at
750 568 874 624 sodalicii
892 585 994 624 versus.
1217 572 1258 636 27

197 747 312 812 fuerint
334 786 379 793 -
401 747 469 811 fieri
500 748 605 810 autem
637 767 697 812 non
725 749 838 831 potest,
868 747 939 830 quin
965 749 1083 812 certum
1107 748 1260 830 quendam

196 853 299 920 locurn
324 856 498 937 spectemus
521 853 575 917 ubi
598 853 673 918 illud
697 854 879 920 sodalicium
903 853 1068 931 exstiterit,
1093 853 1130 917 de
1154 873 1213 937 qua
1228 873 1261 917 re

196 962 351 1044 copiosius
373 959 454 1024 inira
477 961 511 1043 (ἐ
528 963 584 1042 17)
608 961 704 1026 etiam
728 980 856 1043 agemus
888 997 929 1008 —
964 961 1123 1025 divitiores
1146 961 1261 1026 multos

197 1068 233 1132 de
256 1067 345 1151 plebe
370 1066 477 1144 fuisse,
509 1086 580 1131 curn
603 1066 721 1132 nobiles
744 1068 776 1131 in
801 1067 945 1131 tenuibus
968 1065 1059 1130 rebus
1082 1065 1261 1150 plerumque

197 1175 338 1239 vixerint.
371 1175 517 1240 Ceterum
533 1174 566 1237 et
581 1174 721 1239 versibus
734 1175 898 1250 351-54,
915 1175 1079 1250 err—22,
1096 1175 1260 1252 ure-20,

197 1283 361 1359 ebo-96,
387 1281 573 1357 1111)-16,
598 1282 772 1348 1129—32
798 1281 850 1364 qui
866 1280 1032 1363 loquuntur
1047 1281 1263 1363 paupertatem

198 1407 285 1452 suam
316 1386 510 1470 profitentur,
543 1405 640 1470 neque
669 1387 762 1451 alicui
791 1387 876 1451 casui
898 1386 974 1450 illud
996 1387 1160 1451 tribuerim
1184 1387 1262 1470 quod

199 1497 264 1559 tam
288 1512 379 1577 saepe
404 1494 469 1558 eius
493 1494 617 1576 generis
642 1492 768 1576 eclogae
792 1494 964 1558 occurrunt.

287 1599 447 1664 Nobilium
472 1618 488 1663 6
512 1619 604 1664 sensu
628 1600 726 1664 etiem
741 1618 777 1665 ea
794 1599 890 1664 fuisse
906 1599 1086 1664 crediderim
1103 1599 1263 1683 inquibus

199 1725 258 1772 non
294 1706 360 1770 sina
394 1705 519 1771 fastidio
555 1708 587 1772 et
620 1709 799 1790 contemptu
834 1707 870 1771 dc
906 1706 1024 1770 divitiis
1058 1705 1263 1783 vertutum,

199 1812 304 1896 quales
328 1813 383 1878 bos
407 1832 514 1878 versus
538 1814 781 1880 observaverim:

199 1939 366 2006 523-24:
394 1933 437 2000 Οὔ
453 1959 488 2001 σε
510 1934 623 2023 μάτην,
641 1927 667 1999 ὦ
684 1937 816 2011 Πλοῦτε,
840 1937 948 2022 βροτοὶ
964 1944 1082 2018 τιμῶσι
1097 1933 1263 2016 μάλιστα·

455 2033 474 2131 ἦ
496 2043 558 2129 γαρ
580 2043 708 2130 ῥηϊδίως
731 2042 787 2130 τὴν
809 2040 969 2128 κακότητα
993 2048 1108 2128 φέρεις.

200 2154 379 2220 llll-lu:
394 2151 527 2226 Πλοῦτε,
552 2153 639 2217 θεῶν
662 2150 809 2215 κάλλιστε
831 2151 886 2214 καὶ
909 2149 1108 2235 ἱμεροέστατε
1123 2138 1263 2224 πάντων,

435 2255 493 2319 σὺν
515 2256 565 2319 σοὶ
588 2255 763 2331 καὶκακὸς
786 2251 829 2318 siv
852 2260 971 2338 γίνεται
994 2253 1114 2332 ἒσδλδς
1136 2251 1225 2341 ἀνήρ,

201 2379 237 2441 In
260 2378 340 2441 hanc
363 2379 550 2442 sententiam
574 2380 637 2443 ium
654 2377 864 2461 Theognidem
885 2378 1080 2444 inclinavisse
1096 2380 1266 2462 putandum

200 2483 289 2548 nobis
313 2486 361 2548 cst
384 2483 479 2568 (resp.
495 2504 543 2550 vv.
560 2487 712 2553 149-50
736 2503 829 2567 supra
851 2484 962 2549 allatos
979 2487 1012 2548 61
1027 2504 1073 2549 vv.
1088 2485 1265 2567 183-92),

201 2591 260 2655 6161
292 2610 347 2673 pro
376 2610 461 2657 mero
494 2590 620 2656 fastidio
644 2592 740 2656 enimi
764 2592 914 2675 quaedam
937 2590 1117 2674 magnitudo
1141 2609 1177 2654 cx
1200 2590 1266 2653 eius

202 2697 302 2760 verbis
334 2697 444 2762 elucet.
492 2699 651 2764 Virtutem
682 2698 803 2763 scilicet
835 2701 867 2763 61
896 2698 951 2762 1116
976 2700 1007 2763 61
1031 2698 1131 2782 quivis
1154 2696 1266 2762 nobilis

200 2803 319 2869 divitiis
331 2804 615 2890 anteposuerunt.¹)
653 2805 809 2871 Virtutem
823 2808 864 2883 et,
881 2825 959 2889 quae
973 2824 1091 2870 cumea
1104 2805 1266 2870 coniuncta

201 2908 271 2986 fuit,
294 2910 483 2992 probitatem
508 2910 743 2998 (δικαιοσύνην).
777 2908 874 2978 Velut
889 2913 1045 2995 Theognis
1068 2913 1114 2977 ita
1130 2911 1266 2995 Cyrnum

200 3017 342 3080 hortatur
365 3037 413 3083 vv.
431 3021 575 3087 29-30:

290 3127 431 3198 πένοντο,
464 3119 536 3209 μηδ’
560 3121 738 3211 αἰσχροῖσιν
769 3120 822 3188 ἐπ’
846 3122 981 3210 ἔργμασι
1010 3119 1081 3209 μηδ’
1111 3117 1266 3186 ἀδίκοισιν

334 3229 430 3310 τιμὰς
451 3225 525 3317 μηδ’
548 3227 665 3316 ἀρετὰς
688 3229 775 3295 ἕλκεο
797 3225 871 3317 μηδ’
895 3227 1020 3315 ἄφενος,

202 3333 284 3398 idem
306 3336 553 3417 praedicantibus
576 3339 625 3403 bis
650 3339 803 3404 versibus:

205 3461 372 3528 idn-46:
395 3458 517 3524 Βούλισ
541 3456 568 3524 δ’
592 3457 742 3546 εὐσεβέων
765 3457 885 3545 ὀλίγοις
908 3461 966 3525 orio
989 3458 1145 3548 χρήμασιν
1160 3454 1265 3532 οἰκεῖν,

436 3561 456 3653 ἢ
478 3567 638 3643 πλουτεῖν,
662 3564 779 3645 ἀδίκως
801 3566 950 3653 χρίματα
974 3566 1167 3648 πασάμενος.

203 3673 371 3741 465-66ε
393 3667 492 3759 'Apum’
508 3671 606 3759 ἀρετῇ
621 3679 738 3760 τρίβου,
755 3679 811 3738 καί
827 3695 876 3739 σοι
900 3675 939 3738 cei
965 3675 1073 3739 δίκαια
1089 3668 1158 3759 φίλ’
1174 3670 1265 3752 ἔστω,

436 3778 516 3865 μηδέ
540 3803 575 3844 σε
597 3777 714 3843 νικάτω
737 3779 854 3865 κέρδος,
879 3774 925 3843 ὅτ’
950 3776 1080 3864 αἰσχρὸν
1102 3777 1150 3865 ἔῃ.

204 3921 413 3931 -ῇῄ-

293 4007 314 4077 ¹)
334 4008 448 4077 Respice
461 4026 505 4066 vv.
518 4011 648 4078 149-50,
662 4010 794 4078 315-18,
807 4009 939 4075 len-66,
953 4023 1035 4076 supra
1049 4009 1156 4077 allatos,
1170 4009 1267 4077 quibus

203 4094 328 4150 addimus
346 4112 389 4151 vv.
409 4097 534 4154 865-68
552 4098 599 4166 qni
617 4097 645 4154 in
664 4097 706 4152 his
725 4097 815 4153 verbis
834 4096 973 4153 desinunt:

363 4216 395 4224 -
416 4217 449 4224 -
471 4216 502 4226 -
523 4185 618 4254 ἀρετῆς
636 4185 664 4238 δὲ
682 4191 750 4257 μέγα
769 4185 844 4240 κλέος
862 4183 956 4238 οὔποτ’
978 4183 1107 4236 δλειται·

362 4304 370 4311 -
399 4273 526 4341 αἰχμητὴς
543 4275 595 4348 γὰρ
613 4274 682 4348 ἀνὴρ
699 4277 752 4346 γῆν
769 4295 799 4327 τι
818 4279 862 4327 καὶ
881 4271 947 4326 ἄστυ
966 4287 1035 4330 caol.
