2934 4882
465 539 525 610 §l
555 538 696 595 Stosiotici
714 544 743 594 et
761 538 885 598 sodalicii
904 554 1006 595 versus.
1226 545 1266 607 21

293 713 411 785 Οὐδένα
435 739 488 787 πω
511 716 686 803 προῦδωκα
710 717 806 802 φίλον
828 717 882 792 ναὶ
905 715 1022 784 πιστὸν
1044 716 1178 806 ἑταῖρον,

335 819 401 888 οὐδ’
424 820 456 887 ὲν
478 819 538 907 ἐμῇ
562 823 652 908 ψυχῇ
675 820 801 886 δούλιον
824 818 912 886 οὐδὲν
933 821 989 900 ἔνι,

201 951 267 1015 lam
299 954 427 1035 apparet
456 953 487 1016 et
510 952 565 1016 hos
589 969 696 1016 versus
719 950 802 1015 inter
825 948 997 1014 convivalia
1020 950 1157 1016 carmina
1179 952 1268 1017 nobis

200 1057 378 1122 referendos
401 1077 479 1136 esse,
504 1058 570 1125 nisi¹
587 1056 668 1126 forte
692 1076 796 1121 rursus
816 1057 895 1120 hanc
918 1055 1157 1121 similitudinem
1173 1056 1267 1123 alicui

200 1165 286 1228 casui
310 1165 431 1231 tribuis.
467 1164 554 1228 Unde
577 1163 681 1247 plures
705 1163 800 1228 etiarn
819 1163 853 1226 in
869 1182 939 1228 eam
955 1162 1162 1245 suspicionem
1177 1165 1267 1230 nobis

200 1271 336 1346 veniunt,
365 1273 401 1334 nt
423 1271 468 1336 ibi
492 1271 529 1335 de
553 1272 622 1335 arta
645 1270 799 1335 sodalium
821 1270 1035 1335 coniunctione
1059 1273 1092 1334 et
1115 1270 1152 1334 de
1176 1291 1264 1354 prac-

199 1376 310 1441 standa
344 1375 490 1441 sodalicia
525 1377 558 1440 in
592 1377 686 1441 rebus
721 1375 827 1440 arduis
859 1376 918 1441 fide
952 1379 1046 1458 poeta
1069 1377 1264 1460 cogitaverit.

198 1484 377 1565 Rursusque
401 1484 617 1566 Theognideos
645 1501 752 1548 versus
776 1483 814 1547 ad
837 1482 1031 1547 convivalem
1053 1502 1142 1548 usum
1166 1483 1265 1549 factm

199 1607 267 1652 esse
297 1588 473 1672 intellegas,
507 1590 534 1653 si
565 1589 687 1672 quidem
718 1590 771 1672 qui
795 1589 931 1672 Cyrnum
962 1588 1119 1672 appellent
1145 1589 1265 1653 inillis

197 1695 405 1759 inveniuntur.
454 1696 603 1760 Videntur
631 1696 736 1760 eutem
758 1696 791 1759 hi
814 1715 921 1761 versus
945 1697 1092 1768 artiorem
1115 1694 1265 1761 sodalium

198 1803 448 1868 coniunctionem
472 1803 632 1885 detegere:

198 1923 484 2014 97-100:1)'Alt'
510 1926 558 2015 εἴη
588 1935 733 2006 τοιοῦτος
756 1926 827 2011 ἐμοὶ
849 1928 956 2015 φίλος,
988 1924 1024 2005 ὃς
1054 1927 1109 1993 τὸν
1139 1926 1264 2013 ἑταῖρον

432 2035 592 2119 γινώσκων
615 2031 709 2123 ὀργὴν
731 2037 785 2100 καὶ
807 2036 906 2122 βαρὺν
929 2033 1006 2101 ὄντα
1030 2040 1119 2121 φέρει

433 2246 561 2331 φράζεο,
585 2251 640 2310 καί
663 2243 736 2311 ποτ’
760 2245 837 2329 ἐμοῦ
858 2245 991 2334 μνήσεαι
1013 2245 1162 2326 ἐξοπίσω.
1211 2319 1214 2324 .

198 2355 367 2422 323—28:
391 2351 445 2439 Mr'p
455 2349 527 2415 ποτ’
534 2352 591 2416 ἐπὶ
599 2353 714 2438 σμικρῇ
726 2353 989 2438 προφάσειφίλον
997 2348 1264 2437 ἄνδρόἷπολέσσαι

433 2457 628 2540 πειθόμενος
651 2459 784 2544 χαλεπῇ,
810 2459 922 2543 Κύρνε,
946 2456 1114 2544 διαιβολίῃ.

390 2563 422 2630 εἰ’
443 2589 492 2642 τις
514 2558 722 2650 ἆμαρτωλῇσι
745 2565 847 2651 φίλων
870 2562 926 2629 ἐπὶ
950 2564 1050 2628 παντὶ
1072 2564 1201 2649 χολῴτο,

432 2668 470 2736 οὔ
493 2667 567 2735 ποτ’
592 2667 631 2736 dv
654 2668 803 2760 ἀλλήλοις
826 2669 966 2758 ἄρθμιοι
988 2667 1060 2736 οὐδὲ
1082 2671 1175 2757 φίλοι

392 2772 454 2844 εἶεν
471 2803 477 2818 ·
494 2780 559 2843 κτλ.

196 2888 365 2956 655-563
391 2885 454 2950 Σὺν
467 2890 527 2960 σοί,
543 2887 652 2973 Κύρνε,
669 2885 816 2952 παθόντι
831 2888 936 2963 κακῶς
947 2881 1117 2968 ἀνιώμεθα
1129 2883 1261 2961 πάντες·

430 2989 512 3058 ἄλλά
537 3020 588 3060 τοι
611 2990 780 3080 ἀλλότριον
802 2994 898 3082 κῆδος
921 2993 1100 3080 ἐφημέριον.

196 3101 385 3168 1083-84:
402 3137 446 3146 -
469 3139 511 3147 -
535 3099 594 3187 χρὴ
616 3097 669 3165 τόν
692 3094 722 3183 μ’
746 3096 864 3164 ἐσθλόν
886 3138 930 3147 -
952 3138 997 3147 -
1019 3096 1120 3183 νόημα

431 3203 568 3287 ἔμπεδον
591 3205 658 3271 αἰὲν
681 3203 764 3288 ἔχειν
787 3203 819 3282 ἐς
841 3206 932 3282 τέλος
955 3200 1045 3290 ἀνδρὶ
1068 3203 1162 3289 φίλῳ.

196 3328 285 3406 Quod
309 3330 495 3411 praesertim
518 3330 556 3394 ad
579 3331 799 3413 praestandam
822 3330 1003 3396 sodalioiam
1026 3329 1118 3394 fidem
1137 3328 1260 3405 attinet,

196 3435 453 3518 deprehendimus
483 3437 546 3501 iam
569 3456 619 3502 vr.
637 3439 801 3517 sao-30,
835 3438 947 3523 quibus
975 3456 1007 3502 se
1032 3454 1187 3522 nunqnam
1210 3453 1261 3500 so-

196 3539 315 3605 dalibus
340 3540 474 3606 defuisse
497 3541 535 3611 de
559 3560 592 3606 se
614 3544 706 3629 poeta
729 3542 890 3624 gloriatur.
931 3542 1047 3621 Quibus
1064 3539 1260 3623 adiungimus

196 3667 300 3713 versus
313 3649 454 3726 ise-ao,
472 3648 651 3732 Polypaidis
663 3650 694 3714 h.
708 3668 734 3716 e.
750 3648 844 3734 Cyrni
853 3647 878 3734 3)
892 3647 1097 3732 appellatione
1109 3646 1259 3730 insignes,

287 3895 306 3964 ¹)
331 3895 523 3964 Quaestionem
551 3895 687 3953 difficilem
715 3912 780 3953 num
808 3896 837 3950 hi
865 3910 959 3950 versus
987 3909 1048 3949 cnm
1076 3891 1260 3961 superioribas

195 3983 376 4053 coniungendi
395 3983 451 4038 siut
469 3999 524 4038 non
543 3983 662 4052 attingo.

284 4073 305 4142 ²)
325 4073 380 4130 Cir.
400 4072 566 4141 Thucydidis
584 4071 660 4127 dicta
678 4072 756 4125 modo
776 4070 870 4125 allata.

286 4162 307 4232 ³)
326 4163 448 4217 Eundem
461 4162 639 4230 Polypaidem
658 4176 716 4216 esse
735 4165 819 4227 atque
832 4160 950 4227 Cyrnum
969 4159 1032 4214 inde
1047 4156 1174 4228 intellegi
1186 4155 1259 4225 licet,

195 4252 266 4318 quad
284 4268 328 4306 vv.
349 4252 461 4317 19-26,
489 4251 604 4316 53-60,
631 4251 754 4306 183-92
779 4254 895 4316 utroque
917 4246 1066 4316 appellatio
1084 4245 1190 4301 inserta
1208 4251 1259 4302 est.
