<?xml version="1.0" encoding="UTF-8"?>
<!DOCTYPE html PUBLIC "-//W3C//DTD XHTML 1.0 Transitional//EN"
    "http://www.w3.org/TR/xhtml1/DTD/xhtml1-transitional.dtd">
<html xmlns="http://www.w3.org/1999/xhtml" xml:lang="en" lang="en">
 <head>
  <title>
</title>
<meta http-equiv="Content-Type" content="text/html;charset=utf-8" />
  <meta name='ocr-system' content='tesseract 3.04.00' />
  <meta name='ocr-capabilities' content='ocr_page ocr_carea ocr_par ocr_line ocrx_word'/>
</head>
<body>
  <div class='ocr_page' id='page_1' title='image "./exusuconvivalit00wendgoog_0061.png"; bbox 0 0 2934 4882; ppageno 0'>
   <div class='ocr_carea' id='block_1_1' title="bbox 231 495 1057 566">
    <p class='ocr_par' dir='ltr' id='par_1_1' title="bbox 231 495 1057 566">
     <span class='ocr_line' id='line_1_1' title="bbox 231 495 1057 566; baseline -0.006 -11"><span class='ocrx_word' id='word_1_1' title='bbox 231 499 275 563; x_wconf 82' lang='grc'>54</span> <span class='ocrx_word' id='word_1_2' title='bbox 470 495 487 566; x_wconf 65' lang='grc' dir='ltr'><strong>ξ</strong></span> <span class='ocrx_word' id='word_1_3' title='bbox 507 496 549 551; x_wconf 81' lang='grc'>14.</span> <span class='ocrx_word' id='word_1_4' title='bbox 577 496 643 551; x_wconf 83' lang='lat' dir='ltr'>cnm</span> <span class='ocrx_word' id='word_1_5' title='bbox 663 495 817 551; x_wconf 85' lang='lat' dir='ltr'>variatione</span> <span class='ocrx_word' id='word_1_6' title='bbox 835 495 934 551; x_wconf 80' lang='lat' dir='ltr'>iternti</span> <span class='ocrx_word' id='word_1_7' title='bbox 953 512 1057 552; x_wconf 82' lang='lat' dir='ltr'>versus.</span> 
     </span>
    </p>
   </div>
   <div class='ocr_carea' id='block_1_2' title="bbox 182 673 1314 3020">
    <p class='ocr_par' dir='ltr' id='par_1_2' title="bbox 182 673 1313 2685">
     <span class='ocr_line' id='line_1_2' title="bbox 231 673 1304 752; baseline 0.002 -13"><span class='ocrx_word' id='word_1_8' title='bbox 231 675 341 739; x_wconf 90' lang='lat' dir='ltr'>matioi</span> <span class='ocrx_word' id='word_1_9' title='bbox 365 674 460 740; x_wconf 88' lang='lat' dir='ltr'>scolia</span> <span class='ocrx_word' id='word_1_10' title='bbox 483 675 624 740; x_wconf 88' lang='lat' dir='ltr'>breviora</span> <span class='ocrx_word' id='word_1_11' title='bbox 647 674 785 740; x_wconf 89' lang='lat' dir='ltr'>carmina</span> <span class='ocrx_word' id='word_1_12' title='bbox 810 673 905 741; x_wconf 81' lang='lat' dir='ltr'>tuisse</span> <span class='ocrx_word' id='word_1_13' title='bbox 928 677 1100 752; x_wconf 89' lang='lat' dir='ltr'>senserunt,</span> <span class='ocrx_word' id='word_1_14' title='bbox 1124 695 1194 740; x_wconf 90' lang='lat' dir='ltr'>eum</span> <span class='ocrx_word' id='word_1_15' title='bbox 1210 676 1304 741; x_wconf 92' lang='lat' dir='ltr'>scolii</span> 
     </span>
     <span class='ocr_line' id='line_1_3' title="bbox 233 775 1303 865; baseline 0 -20"><span class='ocrx_word' id='word_1_16' title='bbox 233 781 367 846; x_wconf 87' lang='lat' dir='ltr'>nominis</span> <span class='ocrx_word' id='word_1_17' title='bbox 391 801 460 846; x_wconf 92' lang='lat' dir='ltr'>eam</span> <span class='ocrx_word' id='word_1_18' title='bbox 483 780 719 863; x_wconf 78' lang='lat' dir='ltr'><strong>explicationem</strong></span> <span class='ocrx_word' id='word_1_19' title='bbox 742 782 973 864; x_wconf 73' lang='lat' dir='ltr'>temptaverint,</span> <span class='ocrx_word' id='word_1_20' title='bbox 999 776 1076 843; x_wconf 79' lang='lat' dir='ltr'>‘aaa’</span> <span class='ocrx_word' id='word_1_21' title='bbox 1100 775 1303 865; x_wconf 77' lang='lat' dir='ltr'>dvrippaeav’</span> 
     </span>
     <span class='ocr_line' id='line_1_4' title="bbox 233 886 1306 972; baseline 0.003 -22"><span class='ocrx_word' id='word_1_22' title='bbox 233 888 269 950; x_wconf 92' lang='lat' dir='ltr'>ut</span> <span class='ocrx_word' id='word_1_23' title='bbox 291 886 388 952; x_wconf 83' lang='lat' dir='ltr'>aeolia</span> <span class='ocrx_word' id='word_1_24' title='bbox 403 887 448 951; x_wconf 86' lang='lat' dir='ltr'>ita</span> <span class='ocrx_word' id='word_1_25' title='bbox 464 886 619 970; x_wconf 88' lang='lat' dir='ltr'>appellata</span> <span class='ocrx_word' id='word_1_26' title='bbox 634 905 702 952; x_wconf 86' lang='lat' dir='ltr'>esse</span> <span class='ocrx_word' id='word_1_27' title='bbox 718 886 949 963; x_wconf 76' lang='lat' dir='ltr'>contenderent,</span> <span class='ocrx_word' id='word_1_28' title='bbox 973 888 1085 972; x_wconf 88' lang='lat' dir='ltr'>quippo</span> <span class='ocrx_word' id='word_1_29' title='bbox 1101 907 1179 971; x_wconf 90' lang='lat' dir='ltr'>quaa</span> <span class='ocrx_word' id='word_1_30' title='bbox 1194 888 1306 954; x_wconf 82' lang='lat' dir='ltr'>brevia</span> 
     </span>
     <span class='ocr_line' id='line_1_5' title="bbox 234 990 1306 1076; baseline 0 -20"><span class='ocrx_word' id='word_1_31' title='bbox 234 992 350 1058; x_wconf 82' lang='lat' dir='ltr'>fuerint</span> <span class='ocrx_word' id='word_1_32' title='bbox 365 993 398 1056; x_wconf 90' lang='lat' dir='ltr'>et</span> <span class='ocrx_word' id='word_1_33' title='bbox 412 990 608 1075; x_wconf 87' lang='lat' dir='ltr'>simplicia.¹)</span> <span class='ocrx_word' id='word_1_34' title='bbox 642 991 727 1070; x_wconf 84' lang='lat' dir='ltr'>Quae</span> <span class='ocrx_word' id='word_1_35' title='bbox 743 1010 815 1055; x_wconf 91' lang='lat' dir='ltr'>cum</span> <span class='ocrx_word' id='word_1_36' title='bbox 830 991 877 1056; x_wconf 91' lang='lat' dir='ltr'>ita</span> <span class='ocrx_word' id='word_1_37' title='bbox 892 993 965 1067; x_wconf 85' lang='lat' dir='ltr'>sint,</span> <span class='ocrx_word' id='word_1_38' title='bbox 981 992 1122 1058; x_wconf 93' lang='lat' dir='ltr'>nonnihil</span> <span class='ocrx_word' id='word_1_39' title='bbox 1136 993 1166 1058; x_wconf 89' lang='lat' dir='ltr'>ai</span> <span class='ocrx_word' id='word_1_40' title='bbox 1182 1011 1306 1076; x_wconf 90' lang='lat' dir='ltr'>quoque</span> 
     </span>
     <span class='ocr_line' id='line_1_6' title="bbox 232 1095 1307 1180; baseline 0.001 -18"><span class='ocrx_word' id='word_1_41' title='bbox 232 1099 280 1163; x_wconf 88' lang='lat' dir='ltr'>rei</span> <span class='ocrx_word' id='word_1_42' title='bbox 314 1098 493 1174; x_wconf 78' lang='lat' dir='ltr'>tribuimus,</span> <span class='ocrx_word' id='word_1_43' title='bbox 528 1096 608 1180; x_wconf 93' lang='lat' dir='ltr'>quod</span> <span class='ocrx_word' id='word_1_44' title='bbox 644 1095 827 1161; x_wconf 78' lang='lat' dir='ltr'>excolendae</span> <span class='ocrx_word' id='word_1_45' title='bbox 865 1098 1043 1163; x_wconf 90' lang='lat' dir='ltr'>minutioris</span> <span class='ocrx_word' id='word_1_46' title='bbox 1077 1099 1307 1163; x_wconf 86' lang='lat' dir='ltr'>sententiarum</span> 
     </span>
     <span class='ocr_line' id='line_1_7' title="bbox 235 1202 1307 1286; baseline -0.002 -16"><span class='ocrx_word' id='word_1_47' title='bbox 235 1205 351 1270; x_wconf 85' lang='lat' dir='ltr'>formae</span> <span class='ocrx_word' id='word_1_48' title='bbox 386 1202 524 1269; x_wconf 88' lang='lat' dir='ltr'>studium</span> <span class='ocrx_word' id='word_1_49' title='bbox 555 1203 588 1266; x_wconf 92' lang='lat' dir='ltr'>in</span> <span class='ocrx_word' id='word_1_50' title='bbox 619 1204 725 1267; x_wconf 88' lang='lat' dir='ltr'>nostra</span> <span class='ocrx_word' id='word_1_51' title='bbox 757 1223 781 1267; x_wconf 91' lang='lat' dir='ltr'>s.</span> <span class='ocrx_word' id='word_1_52' title='bbox 813 1203 994 1284; x_wconf 78' lang='lat' dir='ltr'>percipitur.</span> <span class='ocrx_word' id='word_1_53' title='bbox 1041 1204 1086 1268; x_wconf 80' lang='lat' dir='ltr'>Ea</span> <span class='ocrx_word' id='word_1_54' title='bbox 1116 1202 1199 1267; x_wconf 90' lang='lat' dir='ltr'>enim</span> <span class='ocrx_word' id='word_1_55' title='bbox 1223 1222 1307 1286; x_wconf 89' lang='lat' dir='ltr'>quae</span> 
     </span>
     <span class='ocr_line' id='line_1_8' title="bbox 234 1308 1307 1393; baseline -0.003 -16"><span class='ocrx_word' id='word_1_56' title='bbox 234 1311 357 1377; x_wconf 78' lang='lat' dir='ltr'>aliunde</span> <span class='ocrx_word' id='word_1_57' title='bbox 396 1310 579 1393; x_wconf 87' lang='lat' dir='ltr'>deprompta</span> <span class='ocrx_word' id='word_1_58' title='bbox 616 1311 704 1386; x_wconf 90' lang='lat' dir='ltr'>sunt,</span> <span class='ocrx_word' id='word_1_59' title='bbox 743 1312 960 1392; x_wconf 79' lang='lat' dir='ltr'>praeterquam</span> <span class='ocrx_word' id='word_1_60' title='bbox 998 1308 1078 1392; x_wconf 93' lang='lat' dir='ltr'>quod</span> <span class='ocrx_word' id='word_1_61' title='bbox 1115 1309 1307 1374; x_wconf 83' lang='lat' dir='ltr'>variationes</span> 
     </span>
     <span class='ocr_line' id='line_1_9' title="bbox 235 1413 1309 1498; baseline -0.002 -16"><span class='ocrx_word' id='word_1_62' title='bbox 235 1418 406 1493; x_wconf 87' lang='lat' dir='ltr'>subierunt,</span> <span class='ocrx_word' id='word_1_63' title='bbox 432 1433 651 1498; x_wconf 88' lang='lat' dir='ltr'>nonnunquam</span> <span class='ocrx_word' id='word_1_64' title='bbox 678 1416 774 1480; x_wconf 90' lang='lat' dir='ltr'>etiam</span> <span class='ocrx_word' id='word_1_65' title='bbox 798 1416 938 1481; x_wconf 79' lang='lat' dir='ltr'>breviato</span> <span class='ocrx_word' id='word_1_66' title='bbox 960 1413 1005 1480; x_wconf 93' lang='lat' dir='ltr'>ibi</span> <span class='ocrx_word' id='word_1_67' title='bbox 1027 1414 1185 1498; x_wconf 79' lang='lat' dir='ltr'>leguntur,</span> <span class='ocrx_word' id='word_1_68' title='bbox 1217 1414 1309 1480; x_wconf 85' lang='lat' dir='ltr'>velut</span> 
     </span>
     <span class='ocr_line' id='line_1_10' title="bbox 235 1522 1309 1606; baseline -0.001 -19"><span class='ocrx_word' id='word_1_69' title='bbox 235 1541 283 1587; x_wconf 83' lang='lat' dir='ltr'>vv.</span> <span class='ocrx_word' id='word_1_70' title='bbox 307 1523 462 1591; x_wconf 82' lang='lat'><strong>935-38</strong></span> <span class='ocrx_word' id='word_1_71' title='bbox 490 1541 526 1586; x_wconf 86' lang='lat' dir='ltr'>ex</span> <span class='ocrx_word' id='word_1_72' title='bbox 557 1523 658 1587; x_wconf 86' lang='lat' dir='ltr'>tribus</span> <span class='ocrx_word' id='word_1_73' title='bbox 682 1523 810 1606; x_wconf 83' lang='lat' dir='ltr'>Tyrtaei</span> <span class='ocrx_word' id='word_1_74' title='bbox 834 1522 976 1587; x_wconf 84' lang='lat' dir='ltr'>distichis</span> <span class='ocrx_word' id='word_1_75' title='bbox 999 1522 1057 1586; x_wconf 91' lang='lat' dir='ltr'>duo</span> <span class='ocrx_word' id='word_1_76' title='bbox 1081 1525 1251 1587; x_wconf 84' lang='lat' dir='ltr'>evenerunt</span> <span class='ocrx_word' id='word_1_77' title='bbox 1273 1525 1309 1586; x_wconf 92' lang='lat' dir='ltr'>et</span> 
     </span>
     <span class='ocr_line' id='line_1_11' title="bbox 234 1627 1308 1712; baseline 0 -19"><span class='ocrx_word' id='word_1_78' title='bbox 234 1647 284 1693; x_wconf 80' lang='lat' dir='ltr'>vv.</span> <span class='ocrx_word' id='word_1_79' title='bbox 304 1629 489 1705; x_wconf 79' lang='lat'>1017-22,</span> <span class='ocrx_word' id='word_1_80' title='bbox 513 1630 567 1712; x_wconf 92' lang='lat' dir='ltr'>qui</span> <span class='ocrx_word' id='word_1_81' title='bbox 582 1628 763 1694; x_wconf 89' lang='lat' dir='ltr'>Mimnermi</span> <span class='ocrx_word' id='word_1_82' title='bbox 786 1633 867 1706; x_wconf 87' lang='lat' dir='ltr'>sunt,</span> <span class='ocrx_word' id='word_1_83' title='bbox 891 1631 923 1693; x_wconf 93' lang='lat' dir='ltr'>in</span> <span class='ocrx_word' id='word_1_84' title='bbox 946 1628 1006 1693; x_wconf 87' lang='lat' dir='ltr'>tine</span> <span class='ocrx_word' id='word_1_85' title='bbox 1031 1647 1127 1693; x_wconf 92' lang='lat' dir='ltr'>unum</span> <span class='ocrx_word' id='word_1_86' title='bbox 1149 1627 1308 1693; x_wconf 88' lang='lat' dir='ltr'>distichon</span> 
     </span>
     <span class='ocr_line' id='line_1_12' title="bbox 182 1732 1309 1815; baseline 0 -17"><span class='ocrx_word' id='word_1_87' title='bbox 182 1808 186 1815; x_wconf 44' lang='grc'><em>,</em></span> <span class='ocrx_word' id='word_1_88' title='bbox 236 1732 424 1798; x_wconf 84' lang='lat' dir='ltr'>abiecerunt.</span> <span class='ocrx_word' id='word_1_89' title='bbox 457 1734 542 1813; x_wconf 78' lang='lat' dir='ltr'>Quae</span> <span class='ocrx_word' id='word_1_90' title='bbox 567 1734 639 1799; x_wconf 91' lang='lat' dir='ltr'>dnm</span> <span class='ocrx_word' id='word_1_91' title='bbox 663 1737 795 1812; x_wconf 86' lang='lat' dir='ltr'>intueor,</span> <span class='ocrx_word' id='word_1_92' title='bbox 819 1738 852 1800; x_wconf 91' lang='lat' dir='ltr'>in</span> <span class='ocrx_word' id='word_1_93' title='bbox 872 1755 942 1800; x_wconf 90' lang='lat' dir='ltr'>eam</span> <span class='ocrx_word' id='word_1_94' title='bbox 957 1736 1146 1800; x_wconf 89' lang='lat' dir='ltr'>sententiam</span> <span class='ocrx_word' id='word_1_95' title='bbox 1161 1734 1309 1811; x_wconf 90' lang='lat' dir='ltr'>inclinor,</span> 
     </span>
     <span class='ocr_line' id='line_1_13' title="bbox 236 1840 1310 1925; baseline 0.003 -22"><span class='ocrx_word' id='word_1_96' title='bbox 236 1842 271 1903; x_wconf 87' lang='lat' dir='ltr'>nt</span> <span class='ocrx_word' id='word_1_97' title='bbox 294 1858 373 1921; x_wconf 90' lang='lat' dir='ltr'>quaa</span> <span class='ocrx_word' id='word_1_98' title='bbox 396 1840 523 1923; x_wconf 84' lang='lat' dir='ltr'>eclogae</span> <span class='ocrx_word' id='word_1_99' title='bbox 547 1842 580 1905; x_wconf 93' lang='lat' dir='ltr'>in</span> <span class='ocrx_word' id='word_1_100' title='bbox 604 1842 747 1925; x_wconf 92' lang='lat' dir='ltr'>repetitis</span> <span class='ocrx_word' id='word_1_101' title='bbox 766 1843 883 1907; x_wconf 89' lang='lat' dir='ltr'>ambitu</span> <span class='ocrx_word' id='word_1_102' title='bbox 900 1841 1053 1917; x_wconf 85' lang='lat' dir='ltr'>differant,</span> <span class='ocrx_word' id='word_1_103' title='bbox 1077 1842 1237 1905; x_wconf 77' lang='lat' dir='ltr'>truncatas</span> <span class='ocrx_word' id='word_1_104' title='bbox 1254 1859 1310 1906; x_wconf 90' lang='lat' dir='ltr'>eae</span> 
     </span>
     <span class='ocr_line' id='line_1_14' title="bbox 236 1944 1311 2029; baseline 0.001 -19"><span class='ocrx_word' id='word_1_105' title='bbox 236 1944 376 2020; x_wconf 89' lang='lat' dir='ltr'>arbitrer,</span> <span class='ocrx_word' id='word_1_106' title='bbox 400 1964 460 2010; x_wconf 94' lang='lat' dir='ltr'>non</span> <span class='ocrx_word' id='word_1_107' title='bbox 485 1947 651 2029; x_wconf 88' lang='lat' dir='ltr'>ampliatas</span> <span class='ocrx_word' id='word_1_108' title='bbox 675 1949 773 2015; x_wconf 86' lang='lat' dir='ltr'>altero</span> <span class='ocrx_word' id='word_1_109' title='bbox 796 1949 863 2014; x_wconf 92' lang='lat' dir='ltr'>loco</span> <span class='ocrx_word' id='word_1_110' title='bbox 884 1951 1013 2014; x_wconf 83' lang='lat' dir='ltr'>exstare.</span> <span class='ocrx_word' id='word_1_111' title='bbox 1052 1947 1132 2021; x_wconf 91' lang='lat' dir='ltr'>Hoc,</span> <span class='ocrx_word' id='word_1_112' title='bbox 1155 1966 1216 2012; x_wconf 90' lang='lat' dir='ltr'>non</span> <span class='ocrx_word' id='word_1_113' title='bbox 1233 1966 1311 2012; x_wconf 91' lang='lat' dir='ltr'>con-</span> 
     </span>
     <span class='ocr_line' id='line_1_15' title="bbox 236 2051 1312 2137; baseline 0.002 -22"><span class='ocrx_word' id='word_1_114' title='bbox 236 2051 366 2115; x_wconf 89' lang='lat' dir='ltr'>trarium</span> <span class='ocrx_word' id='word_1_115' title='bbox 383 2051 583 2116; x_wconf 88' lang='lat' dir='ltr'>statuendum</span> <span class='ocrx_word' id='word_1_116' title='bbox 600 2072 668 2118; x_wconf 91' lang='lat' dir='ltr'>esse</span> <span class='ocrx_word' id='word_1_117' title='bbox 681 2054 788 2131; x_wconf 90' lang='lat' dir='ltr'>etiam,</span> <span class='ocrx_word' id='word_1_118' title='bbox 805 2055 832 2119; x_wconf 92' lang='lat' dir='ltr'>si</span> <span class='ocrx_word' id='word_1_119' title='bbox 844 2054 993 2137; x_wconf 89' lang='lat' dir='ltr'>quaedam</span> <span class='ocrx_word' id='word_1_120' title='bbox 1006 2073 1085 2137; x_wconf 90' lang='lat' dir='ltr'>quae</span> <span class='ocrx_word' id='word_1_121' title='bbox 1096 2053 1145 2118; x_wconf 88' lang='lat' dir='ltr'>bis</span> <span class='ocrx_word' id='word_1_122' title='bbox 1157 2052 1312 2136; x_wconf 84' lang='lat' dir='ltr'>leguntur</span> 
     </span>
     <span class='ocr_line' id='line_1_16' title="bbox 237 2157 1311 2243; baseline 0.001 -21"><span class='ocrx_word' id='word_1_123' title='bbox 237 2157 379 2239; x_wconf 86' lang='lat' dir='ltr'>aspicias,</span> <span class='ocrx_word' id='word_1_124' title='bbox 413 2157 471 2221; x_wconf 92' lang='lat' dir='ltr'>tibi</span> <span class='ocrx_word' id='word_1_125' title='bbox 501 2161 699 2242; x_wconf 89' lang='lat' dir='ltr'>perspicuum</span> <span class='ocrx_word' id='word_1_126' title='bbox 729 2159 792 2224; x_wconf 89' lang='lat' dir='ltr'>fiat.</span> <span class='ocrx_word' id='word_1_127' title='bbox 840 2160 890 2223; x_wconf 88' lang='lat' dir='ltr'>An</span> <span class='ocrx_word' id='word_1_128' title='bbox 920 2162 1064 2243; x_wconf 89' lang='lat' dir='ltr'>cuiquam</span> <span class='ocrx_word' id='word_1_129' title='bbox 1087 2159 1213 2223; x_wconf 92' lang='lat' dir='ltr'>dubium</span> <span class='ocrx_word' id='word_1_130' title='bbox 1239 2176 1311 2223; x_wconf 90' lang='lat' dir='ltr'>esse</span> 
     </span>
     <span class='ocr_line' id='line_1_17' title="bbox 235 2264 1313 2347; baseline 0 -19"><span class='ocrx_word' id='word_1_131' title='bbox 235 2265 350 2347; x_wconf 88' lang='lat' dir='ltr'>potest,</span> <span class='ocrx_word' id='word_1_132' title='bbox 381 2264 455 2346; x_wconf 93' lang='lat' dir='ltr'>quin</span> <span class='ocrx_word' id='word_1_133' title='bbox 477 2285 527 2329; x_wconf 89' lang='lat' dir='ltr'>vv.</span> <span class='ocrx_word' id='word_1_134' title='bbox 555 2266 731 2334; x_wconf 81' lang='lat'>1071-74</span> <span class='ocrx_word' id='word_1_135' title='bbox 755 2284 790 2330; x_wconf 84' lang='lat' dir='ltr'>ex</span> <span class='ocrx_word' id='word_1_136' title='bbox 816 2285 863 2329; x_wconf 86' lang='lat' dir='ltr'>vv.</span> <span class='ocrx_word' id='word_1_137' title='bbox 888 2268 1041 2335; x_wconf 79' lang='lat'><strong>213—18</strong></span> <span class='ocrx_word' id='word_1_138' title='bbox 1065 2265 1219 2331; x_wconf 92' lang='lat' dir='ltr'>contracti</span> <span class='ocrx_word' id='word_1_139' title='bbox 1244 2265 1313 2328; x_wconf 92' lang='lat' dir='ltr'>sint</span> 
     </span>
     <span class='ocr_line' id='line_1_18' title="bbox 236 2368 737 2453; baseline 0 -19"><span class='ocrx_word' id='word_1_140' title='bbox 236 2370 352 2435; x_wconf 91' lang='lat' dir='ltr'>omisso</span> <span class='ocrx_word' id='word_1_141' title='bbox 376 2368 477 2434; x_wconf 91' lang='lat' dir='ltr'>medio</span> <span class='ocrx_word' id='word_1_142' title='bbox 501 2368 633 2435; x_wconf 91' lang='lat' dir='ltr'>disticho</span> <span class='ocrx_word' id='word_1_143' title='bbox 656 2390 686 2453; x_wconf 92' lang='lat' dir='ltr'>q.</span> <span class='ocrx_word' id='word_1_144' title='bbox 710 2389 737 2434; x_wconf 90' lang='lat' dir='ltr'>e.</span> 
     </span>
     <span class='ocr_line' id='line_1_19' title="bbox 324 2488 1240 2580; baseline 0 -25"><span class='ocrx_word' id='word_1_145' title='bbox 324 2490 500 2557; x_wconf 82' lang='grc' dir='ltr'><strong><em>Ποολύποο</em></strong></span> <span class='ocrx_word' id='word_1_146' title='bbox 524 2488 616 2580; x_wconf 75' lang='grc' dir='ltr'><strong><em>ὀργὴν</em></strong></span> <span class='ocrx_word' id='word_1_147' title='bbox 642 2492 710 2574; x_wconf 79' lang='grc' dir='ltr'><em>ἴσχε</em></span> <span class='ocrx_word' id='word_1_148' title='bbox 734 2490 943 2558; x_wconf 77' lang='grc' dir='ltr'><strong><em>πολυπλόκου</em></strong></span> <span class='ocrx_word' id='word_1_149' title='bbox 968 2490 1004 2568; x_wconf 80' lang='grc' dir='ltr'>ὃς</span> <span class='ocrx_word' id='word_1_150' title='bbox 1026 2493 1104 2556; x_wconf 78' lang='grc' dir='ltr'><strong><em>ποτὶ</em></strong></span> <span class='ocrx_word' id='word_1_151' title='bbox 1126 2497 1240 2576; x_wconf 78' lang='grc' dir='ltr'><strong><em>πέτρῃ,</em></strong></span> 
     </span>
     <span class='ocr_line' id='line_1_20' title="bbox 369 2596 1018 2685; baseline 0.005 -24"><span class='ocrx_word' id='word_1_152' title='bbox 369 2606 408 2683; x_wconf 80' lang='grc' dir='ltr'>τῇ</span> <span class='ocrx_word' id='word_1_153' title='bbox 431 2598 661 2685; x_wconf 80' lang='grc' dir='ltr'><em>προσομιλήσῃ,</em></span> <span class='ocrx_word' id='word_1_154' title='bbox 686 2611 773 2677; x_wconf 78' lang='grc' dir='ltr'><strong><em>τοῖος</em></strong></span> <span class='ocrx_word' id='word_1_155' title='bbox 796 2598 874 2664; x_wconf 79' lang='grc' dir='ltr'><strong><em>ἰδεῖν</em></strong></span> <span class='ocrx_word' id='word_1_156' title='bbox 896 2596 1018 2685; x_wconf 66' lang='lat' dir='ltr'>sedorp?</span> 
     </span>
    </p>

    <p class='ocr_par' dir='ltr' id='par_1_3' title="bbox 236 2723 1314 3020">
     <span class='ocr_line' id='line_1_21' title="bbox 238 2723 1313 2806; baseline 0.001 -18"><span class='ocrx_word' id='word_1_157' title='bbox 238 2723 326 2789; x_wconf 79' lang='lat' dir='ltr'>Conf.</span> <span class='ocrx_word' id='word_1_158' title='bbox 351 2725 480 2806; x_wconf 86' lang='lat' dir='ltr'>Berghii</span> <span class='ocrx_word' id='word_1_159' title='bbox 510 2725 742 2790; x_wconf 90' lang='lat' dir='ltr'>adnotationem</span> <span class='ocrx_word' id='word_1_160' title='bbox 765 2726 803 2790; x_wconf 91' lang='lat' dir='ltr'>ad</span> <span class='ocrx_word' id='word_1_161' title='bbox 827 2746 856 2790; x_wconf 87' lang='lat' dir='ltr'>v.</span> <span class='ocrx_word' id='word_1_162' title='bbox 881 2727 957 2802; x_wconf 74' lang='lat'>215,</span> <span class='ocrx_word' id='word_1_163' title='bbox 989 2723 1070 2788; x_wconf 93' lang='lat' dir='ltr'>unde</span> <span class='ocrx_word' id='word_1_164' title='bbox 1094 2725 1150 2789; x_wconf 90' lang='lat' dir='ltr'>hos</span> <span class='ocrx_word' id='word_1_165' title='bbox 1177 2743 1223 2790; x_wconf 83' lang='lat' dir='ltr'>vv.</span> <span class='ocrx_word' id='word_1_166' title='bbox 1248 2743 1313 2789; x_wconf 91' lang='lat' dir='ltr'>una</span> 
     </span>
     <span class='ocr_line' id='line_1_22' title="bbox 239 2829 1314 2915; baseline 0 -23"><span class='ocrx_word' id='word_1_167' title='bbox 239 2848 310 2893; x_wconf 91' lang='lat' dir='ltr'>oum</span> <span class='ocrx_word' id='word_1_168' title='bbox 332 2831 564 2912; x_wconf 88' lang='lat' dir='ltr'>insequentibus</span> <span class='ocrx_word' id='word_1_169' title='bbox 578 2829 697 2895; x_wconf 92' lang='lat' dir='ltr'>duobus</span> <span class='ocrx_word' id='word_1_170' title='bbox 713 2851 751 2896; x_wconf 83' lang='lat' dir='ltr'>ex</span> <span class='ocrx_word' id='word_1_171' title='bbox 766 2833 853 2914; x_wconf 87' lang='lat' dir='ltr'>epioe</span> <span class='ocrx_word' id='word_1_172' title='bbox 867 2832 952 2915; x_wconf 76' lang='lat' dir='ltr'>poisi</span> <span class='ocrx_word' id='word_1_173' title='bbox 967 2831 1091 2895; x_wconf 84' lang='lat' dir='ltr'>duxisse</span> <span class='ocrx_word' id='word_1_174' title='bbox 1107 2830 1166 2894; x_wconf 93' lang='lat' dir='ltr'>tibi</span> <span class='ocrx_word' id='word_1_175' title='bbox 1181 2848 1314 2912; x_wconf 91' lang='lat' dir='ltr'>persua-</span> 
     </span>
     <span class='ocr_line' id='line_1_23' title="bbox 236 2933 910 3020; baseline 0.003 -21"><span class='ocrx_word' id='word_1_176' title='bbox 236 2933 321 2999; x_wconf 90' lang='lat' dir='ltr'>deas.</span> <span class='ocrx_word' id='word_1_177' title='bbox 369 2937 464 3001; x_wconf 90' lang='lat' dir='ltr'>Porro</span> <span class='ocrx_word' id='word_1_178' title='bbox 487 2956 633 3001; x_wconf 88' lang='lat' dir='ltr'>versuum</span> <span class='ocrx_word' id='word_1_179' title='bbox 657 2937 811 3005; x_wconf 80' lang='lat'>367-70</span> <span class='ocrx_word' id='word_1_180' title='bbox 834 2957 861 3020; x_wconf 92' lang='lat' dir='ltr'>q.</span> <span class='ocrx_word' id='word_1_181' title='bbox 886 2956 910 3001; x_wconf 93' lang='lat' dir='ltr'>s.</span> 
     </span>
    </p>
   </div>
   <div class='ocr_carea' id='block_1_3' title="bbox 237 3053 1315 3588">
    <p class='ocr_par' dir='ltr' id='par_1_4' title="bbox 237 3053 1315 3588">
     <span class='ocr_line' id='line_1_24' title="bbox 326 3053 1229 3146; baseline 0 -25"><span class='ocrx_word' id='word_1_182' title='bbox 326 3053 442 3122; x_wconf 71' lang='grc' dir='ltr'><strong><em>Ἀσνῶν</em></strong></span> <span class='ocrx_word' id='word_1_183' title='bbox 464 3054 492 3123; x_wconf 86' lang='lat' dir='ltr'>d&#39;</span> <span class='ocrx_word' id='word_1_184' title='bbox 508 3056 544 3124; x_wconf 82' lang='grc' dir='ltr'>οὐ</span> <span class='ocrx_word' id='word_1_185' title='bbox 571 3059 710 3143; x_wconf 79' lang='grc' dir='ltr'><strong><em>δύναμαι</em></strong></span> <span class='ocrx_word' id='word_1_186' title='bbox 732 3071 850 3146; x_wconf 78' lang='grc' dir='ltr'><strong><em>γνῶναι</em></strong></span> <span class='ocrx_word' id='word_1_187' title='bbox 875 3060 946 3126; x_wconf 93' lang='grc' dir='ltr'><strong><em>νόον</em></strong></span> <span class='ocrx_word' id='word_1_188' title='bbox 969 3054 1062 3125; x_wconf 76' lang='grc' dir='ltr'><strong><em>ὅντιν’</em></strong></span> <span class='ocrx_word' id='word_1_189' title='bbox 1086 3057 1229 3139; x_wconf 70' lang='grc' dir='ltr'><strong><em>ἔχουσιν·</em></strong></span> 
     </span>
     <span class='ocr_line' id='line_1_25' title="bbox 372 3155 1094 3250; baseline -0.001 -22"><span class='ocrx_word' id='word_1_190' title='bbox 372 3163 445 3230; x_wconf 82' lang='grc' dir='ltr'><strong><em>οότε</em></strong></span> <span class='ocrx_word' id='word_1_191' title='bbox 468 3165 528 3250; x_wconf 78' lang='grc' dir='ltr'>γὰρ</span> <span class='ocrx_word' id='word_1_192' title='bbox 552 3155 587 3230; x_wconf 76' lang='grc' dir='ltr'>εὖ</span> <span class='ocrx_word' id='word_1_193' title='bbox 611 3163 709 3250; x_wconf 71' lang='grc' dir='ltr'><strong><em>ἔρδων</em></strong></span> <span class='ocrx_word' id='word_1_194' title='bbox 732 3163 858 3230; x_wconf 69' lang='lat' dir='ltr'>(iudcium</span> <span class='ocrx_word' id='word_1_195' title='bbox 882 3164 954 3231; x_wconf 75' lang='grc' dir='ltr'><strong><em>οὔτε</em></strong></span> <span class='ocrx_word' id='word_1_196' title='bbox 976 3170 1094 3241; x_wconf 80' lang='grc' dir='ltr'><strong><em>κακῶς·</em></strong></span> 
     </span>
     <span class='ocr_line' id='line_1_26' title="bbox 326 3268 1312 3355; baseline -0.003 -20"><span class='ocrx_word' id='word_1_197' title='bbox 326 3278 510 3354; x_wconf 76' lang='grc' dir='ltr'><strong><em>μωμεόντοι</em></strong></span> <span class='ocrx_word' id='word_1_198' title='bbox 533 3271 569 3335; x_wconf 80' lang='grc' dir='ltr'>όέ</span> <span class='ocrx_word' id='word_1_199' title='bbox 590 3295 630 3353; x_wconf 86' lang='grc' dir='ltr'>με</span> <span class='ocrx_word' id='word_1_200' title='bbox 653 3273 781 3343; x_wconf 80' lang='grc' dir='ltr'><strong><em>πολλοί,</em></strong></span> <span class='ocrx_word' id='word_1_201' title='bbox 806 3269 891 3355; x_wconf 81' lang='grc' dir='ltr'>ὁμῶς</span> <span class='ocrx_word' id='word_1_202' title='bbox 913 3274 1005 3337; x_wconf 83' lang='grc' dir='ltr'><strong><em>κακοὶ</em></strong></span> <span class='ocrx_word' id='word_1_203' title='bbox 1028 3269 1085 3335; x_wconf 80' lang='grc' dir='ltr'>ν’όὲ</span> <span class='ocrx_word' id='word_1_204' title='bbox 1109 3273 1162 3335; x_wconf 82' lang='grc' dir='ltr'>καὶ</span> <span class='ocrx_word' id='word_1_205' title='bbox 1185 3268 1312 3336; x_wconf 75' lang='grc' dir='ltr'><strong><em>ἐσθλοί·</em></strong></span> 
     </span>
     <span class='ocr_line' id='line_1_27' title="bbox 371 3375 1114 3466; baseline -0.001 -23"><span class='ocrx_word' id='word_1_206' title='bbox 371 3385 547 3462; x_wconf 77' lang='grc' dir='ltr'><em>μιμεῖσθαι</em></span> <span class='ocrx_word' id='word_1_207' title='bbox 570 3375 598 3444; x_wconf 73' lang='grc' dir='ltr'>δ’</span> <span class='ocrx_word' id='word_1_208' title='bbox 615 3376 720 3456; x_wconf 77' lang='grc' dir='ltr'><strong><em>οὐδεὶς</em></strong></span> <span class='ocrx_word' id='word_1_209' title='bbox 742 3387 805 3444; x_wconf 77' lang='grc' dir='ltr'>τῶν</span> <span class='ocrx_word' id='word_1_210' title='bbox 828 3376 958 3466; x_wconf 80' lang='grc' dir='ltr'><strong><em>ἅσόφων</em></strong></span> <span class='ocrx_word' id='word_1_211' title='bbox 981 3379 1114 3444; x_wconf 79' lang='grc' dir='ltr'><strong><em>δύναται</em></strong></span> 
     </span>
     <span class='ocr_line' id='line_1_28' title="bbox 237 3500 1315 3588; baseline -0.003 -18"><span class='ocrx_word' id='word_1_212' title='bbox 237 3506 324 3588; x_wconf 88' lang='lat' dir='ltr'>prius</span> <span class='ocrx_word' id='word_1_213' title='bbox 357 3504 511 3570; x_wconf 86' lang='lat' dir='ltr'>distichon</span> <span class='ocrx_word' id='word_1_214' title='bbox 540 3509 612 3588; x_wconf 92' lang='lat' dir='ltr'>post</span> <span class='ocrx_word' id='word_1_215' title='bbox 643 3526 672 3573; x_wconf 89' lang='lat' dir='ltr'>v.</span> <span class='ocrx_word' id='word_1_216' title='bbox 706 3508 793 3574; x_wconf 78' lang='lat'>1182</span> <span class='ocrx_word' id='word_1_217' title='bbox 826 3506 913 3572; x_wconf 92' lang='lat' dir='ltr'>codd.</span> <span class='ocrx_word' id='word_1_218' title='bbox 939 3506 994 3570; x_wconf 81' lang='lat' dir='ltr'>Ao</span> <span class='ocrx_word' id='word_1_219' title='bbox 1021 3508 1053 3568; x_wconf 87' lang='lat' dir='ltr'>et</span> <span class='ocrx_word' id='word_1_220' title='bbox 1075 3503 1145 3587; x_wconf 93' lang='lat' dir='ltr'>post</span> <span class='ocrx_word' id='word_1_221' title='bbox 1167 3519 1194 3564; x_wconf 86' lang='lat' dir='ltr'>v.</span> <span class='ocrx_word' id='word_1_222' title='bbox 1223 3500 1315 3567; x_wconf 87' lang='grc'>1186</span> 
     </span>
    </p>
   </div>
   <div class='ocr_carea' id='block_1_4' title="bbox 241 3606 1318 3799">
    <p class='ocr_par' dir='ltr' id='par_1_5' title="bbox 241 3606 1318 3799">
     <span class='ocr_line' id='line_1_29' title="bbox 241 3606 1317 3696; baseline -0.007 -21"><span class='ocrx_word' id='word_1_223' title='bbox 241 3610 306 3675; x_wconf 92' lang='lat' dir='ltr'>cod.</span> <span class='ocrx_word' id='word_1_224' title='bbox 319 3611 349 3676; x_wconf 92' lang='grc' dir='ltr'>Κ</span> <span class='ocrx_word' id='word_1_225' title='bbox 361 3613 516 3694; x_wconf 89' lang='lat' dir='ltr'>repetunt,</span> <span class='ocrx_word' id='word_1_226' title='bbox 533 3631 632 3695; x_wconf 90' lang='lat' dir='ltr'>neque</span> <span class='ocrx_word' id='word_1_227' title='bbox 645 3612 793 3689; x_wconf 91' lang='lat' dir='ltr'>dubitem,</span> <span class='ocrx_word' id='word_1_228' title='bbox 811 3615 884 3696; x_wconf 93' lang='lat' dir='ltr'>quin</span> <span class='ocrx_word' id='word_1_229' title='bbox 898 3632 934 3678; x_wconf 81' lang='lat' dir='ltr'>ax</span> <span class='ocrx_word' id='word_1_230' title='bbox 946 3631 981 3677; x_wconf 93' lang='lat' dir='ltr'>eo</span> <span class='ocrx_word' id='word_1_231' title='bbox 993 3610 1138 3676; x_wconf 83' lang='lat' dir='ltr'>contextu</span> <span class='ocrx_word' id='word_1_232' title='bbox 1150 3606 1317 3688; x_wconf 87' lang='lat' dir='ltr'>sumptum</span> 
     </span>
     <span class='ocr_line' id='line_1_30' title="bbox 241 3709 1318 3799; baseline -0.006 -18"><span class='ocrx_word' id='word_1_233' title='bbox 241 3717 291 3782; x_wconf 88' lang='lat' dir='ltr'>sit.</span> <span class='ocrx_word' id='word_1_234' title='bbox 320 3716 467 3781; x_wconf 88' lang='lat' dir='ltr'>Alterum</span> <span class='ocrx_word' id='word_1_235' title='bbox 483 3718 565 3781; x_wconf 92' lang='lat' dir='ltr'>enim</span> <span class='ocrx_word' id='word_1_236' title='bbox 583 3717 738 3781; x_wconf 88' lang='lat' dir='ltr'>distichon</span> <span class='ocrx_word' id='word_1_237' title='bbox 754 3735 789 3780; x_wconf 85' lang='lat' dir='ltr'>ex</span> <span class='ocrx_word' id='word_1_238' title='bbox 806 3717 922 3781; x_wconf 83' lang='lat' dir='ltr'>veteris</span> <span class='ocrx_word' id='word_1_239' title='bbox 937 3715 1038 3799; x_wconf 80' lang='lat' dir='ltr'>poesis</span> <span class='ocrx_word' id='word_1_240' title='bbox 1055 3713 1175 3778; x_wconf 86' lang='lat' dir='ltr'>ratione</span> <span class='ocrx_word' id='word_1_241' title='bbox 1187 3709 1318 3792; x_wconf 85' lang='lat' dir='ltr'>proprie</span> 
     </span>
    </p>
   </div>
   <div class='ocr_carea' id='block_1_5' title="bbox 240 3921 1324 4266">
    <p class='ocr_par' dir='ltr' id='par_1_6' title="bbox 240 3921 1324 4266">
     <span class='ocr_line' id='line_1_31' title="bbox 331 3921 1319 3995; baseline -0.01 -15"><span class='ocrx_word' id='word_1_242' title='bbox 331 3927 354 3995; x_wconf 76' lang='lat'>¹)</span> <span class='ocrx_word' id='word_1_243' title='bbox 374 3927 443 3984; x_wconf 88' lang='lat' dir='ltr'>Vide</span> <span class='ocrx_word' id='word_1_244' title='bbox 468 3928 643 3983; x_wconf 88' lang='lat' dir='ltr'>scholiastam</span> <span class='ocrx_word' id='word_1_245' title='bbox 669 3929 704 3982; x_wconf 93' lang='lat' dir='ltr'>ad</span> <span class='ocrx_word' id='word_1_246' title='bbox 729 3927 925 3995; x_wconf 86' lang='lat' dir='ltr'>Aristophanis</span> <span class='ocrx_word' id='word_1_247' title='bbox 947 3928 1062 3994; x_wconf 83' lang='lat' dir='ltr'>Vesper.</span> <span class='ocrx_word' id='word_1_248' title='bbox 1088 3941 1113 3978; x_wconf 85' lang='lat' dir='ltr'>v.</span> <span class='ocrx_word' id='word_1_249' title='bbox 1133 3921 1217 3977; x_wconf 75' lang='lat'><strong>1239:</strong></span> <span class='ocrx_word' id='word_1_250' title='bbox 1244 3921 1319 3972; x_wconf 77' lang='grc' dir='ltr'><strong><em>ἔνιοι</em></strong></span> 
     </span>
     <span class='ocr_line' id='line_1_32' title="bbox 240 4010 1319 4086; baseline -0.006 -19"><span class='ocrx_word' id='word_1_251' title='bbox 240 4011 269 4067; x_wconf 77' lang='grc' dir='ltr'>δέ</span> <span class='ocrx_word' id='word_1_252' title='bbox 293 4033 376 4084; x_wconf 83' lang='grc' dir='ltr'><strong><em>φασιν</em></strong></span> <span class='ocrx_word' id='word_1_253' title='bbox 399 4013 435 4070; x_wconf 79' lang='grc' dir='ltr'>ὡς</span> <span class='ocrx_word' id='word_1_254' title='bbox 457 4017 485 4067; x_wconf 80' lang='grc' dir='ltr'>ἐκ</span> <span class='ocrx_word' id='word_1_255' title='bbox 508 4017 558 4069; x_wconf 80' lang='grc' dir='ltr'>τοῦ</span> <span class='ocrx_word' id='word_1_256' title='bbox 581 4017 705 4068; x_wconf 80' lang='grc' dir='ltr'><strong><em>ἐναντίον</em></strong></span> <span class='ocrx_word' id='word_1_257' title='bbox 732 4013 993 4086; x_wconf 77' lang='grc' dir='ltr'><strong><em>προσηγορεύθησαν</em></strong></span> <span class='ocrx_word' id='word_1_258' title='bbox 1012 4010 1162 4065; x_wconf 72' lang='lat' dir='ltr'>eretriaci</span> <span class='ocrx_word' id='word_1_259' title='bbox 1181 4015 1319 4080; x_wconf 74' lang='grc' dir='ltr'><strong><em>παροίνια</em></strong></span> 
     </span>
     <span class='ocr_line' id='line_1_33' title="bbox 240 4096 1319 4176; baseline -0.005 -21"><span class='ocrx_word' id='word_1_260' title='bbox 240 4101 319 4170; x_wconf 70' lang='grc' dir='ltr'><strong><em>μέλη·</em></strong></span> <span class='ocrx_word' id='word_1_261' title='bbox 339 4100 412 4156; x_wconf 83' lang='grc' dir='ltr'><strong><em>ἁπλᾶ</em></strong></span> <span class='ocrx_word' id='word_1_262' title='bbox 430 4103 481 4176; x_wconf 82' lang='grc' dir='ltr'>γὰρ</span> <span class='ocrx_word' id='word_1_263' title='bbox 499 4103 568 4155; x_wconf 80' lang='grc' dir='ltr'><strong><em>αὐτοὶ</em></strong></span> <span class='ocrx_word' id='word_1_264' title='bbox 587 4105 665 4175; x_wconf 75' lang='grc' dir='ltr'><strong><em>ἐχρῆν</em></strong></span> <span class='ocrx_word' id='word_1_265' title='bbox 683 4103 753 4156; x_wconf 77' lang='grc' dir='ltr'><strong><em>εἶναι</em></strong></span> <span class='ocrx_word' id='word_1_266' title='bbox 772 4109 815 4155; x_wconf 78' lang='grc' dir='ltr'>καὶ</span> <span class='ocrx_word' id='word_1_267' title='bbox 834 4100 933 4157; x_wconf 78' lang='grc' dir='ltr'><strong><em>εὔκολα</em></strong></span> <span class='ocrx_word' id='word_1_268' title='bbox 951 4100 988 4158; x_wconf 77' lang='lat' dir='ltr'>ais</span> <span class='ocrx_word' id='word_1_269' title='bbox 1000 4100 1075 4173; x_wconf 79' lang='grc' dir='ltr'><strong><em>παρὰ</em></strong></span> <span class='ocrx_word' id='word_1_270' title='bbox 1088 4100 1176 4153; x_wconf 75' lang='grc' dir='ltr'><strong><em>πότον</em></strong></span> <span class='ocrx_word' id='word_1_271' title='bbox 1190 4096 1319 4165; x_wconf 78' lang='grc' dir='ltr'><strong><em>ᾀδόμενα</em></strong></span> 
     </span>
     <span class='ocr_line' id='line_1_34' title="bbox 241 4186 1324 4266; baseline -0.006 -19"><span class='ocrx_word' id='word_1_272' title='bbox 241 4200 271 4248; x_wconf 84' lang='lat' dir='ltr'>et</span> <span class='ocrx_word' id='word_1_273' title='bbox 282 4193 356 4248; x_wconf 82' lang='lat' dir='ltr'>Suid.</span> <span class='ocrx_word' id='word_1_274' title='bbox 371 4210 392 4247; x_wconf 80' lang='lat' dir='ltr'>s.</span> <span class='ocrx_word' id='word_1_275' title='bbox 406 4210 431 4247; x_wconf 87' lang='lat' dir='ltr'>v.</span> <span class='ocrx_word' id='word_1_276' title='bbox 445 4190 570 4244; x_wconf 81' lang='grc' dir='ltr'><strong><em>σκολιόν·</em></strong></span> <span class='ocrx_word' id='word_1_277' title='bbox 584 4192 616 4243; x_wconf 86' lang='grc' dir='ltr'>τό</span> <span class='ocrx_word' id='word_1_278' title='bbox 631 4191 726 4266; x_wconf 72' lang='grc' dir='ltr'><strong><em>ῥᾴδιον</em></strong></span> <span class='ocrx_word' id='word_1_279' title='bbox 740 4190 797 4243; x_wconf 77' lang='grc' dir='ltr'>κατ’</span> <span class='ocrx_word' id='word_1_280' title='bbox 813 4192 984 4262; x_wconf 77' lang='grc' dir='ltr'><strong><em>ἀντίφραονν,</em></strong></span> <span class='ocrx_word' id='word_1_281' title='bbox 1002 4188 1081 4257; x_wconf 75' lang='grc' dir='ltr'><strong><em>μέλος</em></strong></span> <span class='ocrx_word' id='word_1_282' title='bbox 1093 4209 1120 4241; x_wconf 87' lang='grc' dir='ltr'>τι</span> <span class='ocrx_word' id='word_1_283' title='bbox 1133 4186 1324 4257; x_wconf 80' lang='grc' dir='ltr'><strong><em>ὀλιγόστιχον.</em></strong></span> 
     </span>
    </p>
   </div>
   <div class='ocr_carea' id='block_1_6' title="bbox 0 0 1487 4882">
    <p class='ocr_par' dir='ltr' id='par_1_7' title="bbox 0 0 1487 4882">
     <span class='ocr_line' id='line_1_35' title="bbox 0 0 1487 4882; baseline 0 0"><span class='ocrx_word' id='word_1_284' title='bbox 0 0 1487 4882; x_wconf 95' lang='lat' dir='ltr'> </span> 
     </span>
    </p>
   </div>
  </div>
 </body>
</html>
